2700 3242
362 303 531 359 AENEIDOS
548 304 615 358 LIB.
628 304 690 358 VII.
900 305 950 355 231

228 415 381 477 augustum,
393 409 494 476 ingens,
507 417 614 460 centum
627 408 739 460 sublime
751 406 887 474 columnis,
902 409 952 460 170

218 478 244 529 it
256 495 365 544 summa,
373 477 512 529 Laurentis
523 477 597 545 regia
608 476 673 544 Pici,

218 547 276 598 lum
287 548 360 599 silvis
372 553 399 599 et
410 546 536 614 religione
549 553 697 614 parentum

218 623 275 684 ptra
286 617 411 684 accipere,
424 621 452 667 et
463 616 560 682 primos
572 616 694 667 attollere
706 615 788 666 fasces

218 703 223 737 1
235 701 311 738 omen
323 692 393 750 erat;
411 685 461 736 hoe
473 685 526 736 illis
539 685 612 737 curia
624 685 762 752 templum,

218 754 250 806 ris
263 755 335 807 sedes
348 754 451 822 epulis;
469 753 513 805 hic
526 754 608 806 arieto
620 771 687 806 caeso
843 753 845 755 ’

218 824 246 875 ris
258 824 328 876 soliti
340 830 428 891 patres
440 823 573 874 considere
585 823 689 876 mensis.

219 893 272 946 iam
284 899 404 945 veterum
416 892 514 959 effigies
527 909 561 944 ex
573 892 664 944 ordine
676 909 786 944 avorum

218 980 226 1014 1
237 979 252 1013 e
264 961 348 1029 cedro,
361 962 507 1029 Italusque,
520 967 646 1028 paterque
659 961 772 1013 Sabinus

218 1048 234 1082 r
246 1048 354 1084 curvam
366 1048 471 1083 servans
484 1029 533 1082 sub
545 1031 660 1097 imagine
672 1031 775 1096 falcem,

218 1117 287 1168 isque
300 1117 387 1167 senex,
398 1100 418 1152 J
419 1099 515 1167 auique
527 1099 649 1151 bifrontis
661 1100 755 1165 imago,
899 1102 951 1152 180

218 1168 243 1221 lo
255 1168 413 1233 adstabant;
431 1169 530 1236 aliique
542 1168 576 1221 ab
588 1168 688 1235 origine
700 1186 781 1234 regne,

218 1239 261 1305 qui
270 1238 303 1292 ob
312 1239 427 1307 patriam
439 1238 581 1305 pugnando
595 1239 707 1290 vulnera
718 1238 795 1304 passi.

218 1324 246 1360 ne
258 1314 385 1376 praeterea
397 1307 476 1360 saeris
488 1308 516 1358 in
529 1307 647 1374 postibus
659 1323 740 1372 arma,

222 1376 339 1445 pendent
351 1394 449 1443 eunus,
462 1392 600 1443 curvaeque
613 1392 722 1442 secures,

218 1463 239 1497 ae
251 1447 377 1514 capitum,
391 1452 418 1498 et
430 1451 565 1514 portarum
577 1445 697 1512 ingentia
709 1444 833 1511 claustra,

218 1532 271 1582 que,
284 1514 420 1583 clipeique,
434 1519 575 1583 ereptaque
587 1520 671 1566 rostra
684 1515 786 1566 earinis.

218 1584 310 1637 irinsli
321 1584 389 1636 lituo
401 1601 534 1652 parvaque
546 1583 654 1636 sedebat

217 1659 261 1705 tus
273 1653 371 1720 trabea,
383 1653 501 1721 laevaque
513 1653 599 1706 ancile
611 1651 719 1720 gerebat

218 1739 302 1790 quum
315 1721 440 1775 domitor:
459 1739 537 1790 quem
550 1729 628 1791 capta
640 1721 765 1790 cupidine
777 1723 874 1789 conjux

218 1808 358 1843 ›ercussum
370 1793 452 1859 virga,
465 1808 621 1860 versumque
634 1791 749 1858 venenis,
899 1795 950 1844 190

218 1878 267 1912 rem
279 1861 360 1928 dirce,
373 1862 520 1942 sparsitque
531 1861 660 1914 coloribus
672 1860 736 1914 alas.

218 1947 247 1981 us
259 1929 358 1998 templo
370 1931 462 1983 divum
474 1931 612 1999 patriaque
624 1930 736 1983 Latinus

218 1998 275 2051 lens
287 1999 399 2052 Teucros
411 2001 445 2053 ad
458 2017 513 2052 sese
524 2000 553 2052 in
565 2006 637 2052 tecta
649 1998 755 2052 vocavit
762 2017 770 2063 ;

218 2084 262 2120 raeo
273 2068 397 2136 ingressis
409 2069 513 2138 placido
526 2069 598 2138 prior
610 2069 693 2121 edidit
706 2085 763 2121 ore:

218 2141 256 2205 ite,
268 2138 437 2200 Dardanide,
449 2154 534 2205 neque
547 2136 618 2189 enim
629 2135 761 2186 noscimus
773 2139 801 2186 et
812 2133 905 2187 urbem

218 2223 241 2272 s,
254 2204 392 2272 auditique
404 2205 542 2258 advertitis
554 2220 657 2271 aequore
670 2218 782 2268 cursum,

218 2274 297 2328 titisl
315 2290 374 2342 quae
387 2291 466 2327 causa
477 2281 554 2340 rates,
567 2279 614 2325 aut
626 2274 703 2340 eujus
715 2275 821 2338 egentes

218 2343 226 2395 Ι
237 2344 385 2396 Ausonium
397 2349 438 2396 tot
450 2360 497 2410 per
508 2344 577 2397 vada
589 2342 686 2393 caerula
697 2340 772 2393 vexit
782 2339 792 2392 l

218 2430 261 2466 ore
273 2413 331 2480 vise,
345 2431 391 2466 seu
403 2411 604 2482 tempestatibus
616 2411 714 2477 acti,—

218 2483 296 2535 nulta
307 2483 374 2534 mari
386 2488 475 2534 nautoe
488 2483 629 2551 patiuntur
640 2480 669 2531 in
682 2479 773 2532 alto-
897 2479 949 2529 200

218 2553 234 2603 'u
245 2552 365 2605 intrastis
376 2552 456 2620 ripas,
468 2559 598 2620 portuque
611 2549 722 2602 sedetis:

218 2625 241 2672 te
252 2621 405 2689 hospitium,
417 2638 484 2674 neve
495 2622 615 2689 ignorate
626 2619 734 2672 Latinos

223 2696 337 2758 gentem,
350 2690 423 2743 haud
435 2690 523 2742 vinclo
534 2707 583 2742 nec
595 2687 698 2755 legibus
710 2703 821 2758 aequam,

218 2777 262 2812 sua
273 2760 420 2828 veterisque
431 2759 475 2814 dei
487 2777 514 2816 se
526 2777 601 2815 more
611 2763 763 2815 tenentem

218 2827 318 2895 laidem
328 2831 562 2893 memini-fama
572 2840 617 2893 est
630 2832 776 2892 obscurior
786 2826 911 2886 annm-
