2700 3242
496 299 682 354 nAENEIDOS
699 300 768 355 IrIB.
786 301 817 356 V.
1038 306 1087 356 193

243 397 376 452 Ardentes
388 398 450 452 dare
462 399 519 453 visa
529 401 608 454 faces.
644 401 698 454 Hic
710 402 820 469 quaerite
832 391 954 471 brojam

243 467 298 521 Hic
310 469 404 521 domus
415 474 461 536 est,
473 469 570 538 inquit,
582 468 662 524 vobis.
697 471 762 524 Jam
773 477 877 540 tempus
889 473 933 540 agi
944 490 985 526 res
995 490 1003 537 ;

243 536 300 590 Nec
312 538 396 590 tantis
407 555 480 591 mora
491 538 625 606 prodigiis.
659 539 702 592 En
714 546 827 608 quatuor
838 558 890 593 arae

243 605 378 675 Neptuno.
413 607 486 659 Deus
497 607 554 676 ipse
564 609 635 661 faces
646 610 818 678 animumque
829 605 984 664 ministrat.”
1035 615 1086 664 640

244 674 311 727 Haec
322 693 478 743 memorans,
490 677 575 744 prima
586 677 720 730 infensum
732 679 759 731 vi
772 679 880 747 corripit
891 680 988 748 ignem,

243 743 408 813 sublataque
419 745 511 813 procul
523 745 620 799 dextra
632 748 746 800 connixa
758 755 885 815 coruscat,

243 813 280 865 Et
288 814 364 881 jacit.
399 815 515 885 Arrectae
527 821 636 882 mentes,
649 817 849 885 stupefactaque
861 817 940 870 corda

243 881 369 936 Iliadum
405 883 458 964 Hic
469 901 524 964 una
536 900 550 936 e
562 884 662 952 multis,
674 902 733 966 quae
745 887 863 967 manime
874 892 948 955 natu,

243 950 686 1085 {litgri’Btiioiribiiib‚nriirirbilebrlt
706 962 907 1088 btbigiieitreq

243 1087 294 1140 Est
305 1087 414 1154 Dorycli
426 1088 530 1155 conjux.
566 1087 659 1140 Divini
671 1088 748 1155 signa
760 1089 867 1154 decoris,

243 1157 429 1224 Ardentesque
439 1163 531 1209 notate
543 1157 647 1220 oculos;
665 1158 712 1226 qui
724 1157 832 1226 spiritus
845 1158 892 1224 illi,

245 1226 298 1290 Qui
310 1225 410 1292 vultus,
422 1225 526 1278 vocisve
537 1243 622 1292 sonus,
635 1226 677 1277 vel
689 1244 792 1293 gressus
805 1227 886 1279 eunti.

244 1295 259 1346 I
319 1300 423 1362 egomet
435 1294 537 1346 dudum
548 1295 652 1347 Beroen
663 1295 779 1362 digressa
790 1296 886 1363 reliqui
1038 1298 1088 1350 650

279 1381 363 1432 gram,
375 1363 567 1432 indignantem,
579 1364 629 1416 tali
641 1364 711 1432 quod
724 1364 778 1417 sola
790 1369 890 1417 careret

244 1432 365 1499 Munere,
377 1449 427 1486 nec
439 1433 545 1494 meritos
557 1433 681 1486 Anchise
693 1434 803 1486 inferret
815 1430 946 1488 honoros.”

245 1501 313 1554 Haec
324 1501 412 1556 effata

244 1571 283 1624 At
294 1576 393 1623 matres
404 1570 490 1634 primo
501 1570 631 1637 ancipites
643 1572 776 1637 oculisque
788 1572 912 1637 malignis

243 1639 386 1705 Ambiguae
398 1641 516 1705 spectare
528 1642 606 1700 rates,
618 1637 745 1688 miserum
759 1637 829 1687 inter
841 1653 958 1688 amorem

243 1706 387 1760 Praesentis
400 1711 486 1770 terrae,
498 1706 614 1774 fatisque
627 1706 752 1758 vocantia
764 1723 859 1771 regna:

244 1776 335 1841 Quum
348 1776 397 1828 dea
409 1793 436 1829 se
448 1776 555 1845 paribus
568 1793 615 1844 per
628 1775 724 1827 coelum
738 1775 848 1827 sustulit
860 1776 917 1841 alie,

244 1846 440 1915 lugentemque
452 1846 516 1914 luga
528 1845 614 1898 secuit
627 1862 673 1897 suo
686 1843 802 1898 nubibus
814 1862 914 1897 arcum.

244 1916 314 1969 Tum
326 1933 389 1969 vero
401 1916 524 1969 attonitae
537 1915 662 1968 monstris
675 1922 793 1983 actaeque
805 1916 894 1968 furere

244 1987 429 2050 Conclamant,
442 1985 601 2055 rapiuntque
617 1985 683 2037 foeis
696 1983 877 2054 penetralibus
890 1986 998 2053 igncm;
1044 1989 1095 2038 660

243 2054 309 2108 Pars
322 2056 517 2126 spoliantem,
530 2056 650 2109 frondem
665 2073 696 2108 ac
709 2055 827 2121 virgulta
839 2057 961 2124 facesque

243 2124 406 2194 conjiciunt.
446 2125 523 2179 Furit
537 2126 662 2178 immissis
678 2126 814 2178 Vulcanus
827 2125 938 2177 habenis

242 2193 370 2250 Transtra
382 2212 429 2261 per
442 2202 470 2249 et
482 2213 567 2249 remos
580 2203 607 2249 et
619 2197 705 2264 pictas
719 2195 806 2248 abiete
819 2212 929 2263 puppes.

246 2261 369 2314 Nuncius
381 2260 504 2313 Anchisae
516 2263 551 2313 ad
562 2266 697 2314 tumulum
710 2279 856 2330 cuneosque
869 2263 967 2315 theatri

248 2331 373 2384 Incensus
385 2331 484 2398 perfert
495 2347 576 2383 naves
587 2330 714 2383 Eumelus
725 2349 732 2393 ;
750 2337 777 2382 et
789 2330 840 2398 ipsi

248 2400 405 2468 Respiciunt
417 2404 503 2451 atram
514 2399 544 2450 in
555 2399 644 2452 nimbo
656 2400 767 2452 volitare
779 2400 906 2453 favillam.

247 2468 354 2522 Primus
366 2473 394 2520 et
405 2467 542 2535 Ascanius,
555 2486 646 2521 cursus
658 2475 690 2520 ut
702 2468 778 2521 laetus
791 2477 922 2538 equestres

247 2537 377 2606 Ducebat,
389 2537 426 2589 sic
438 2553 499 2590 acer
509 2554 576 2606 equo
588 2537 696 2590 turbata
707 2537 804 2607 petivit

248 2609 358 2671 casem
375 2623 424 2658 nec
436 2606 570 2660 exanimes
582 2613 693 2676 possunt
703 2607 816 2660 retinere
827 2607 956 2676 magistri.

251 2678 338 2742 “Quis
344 2678 418 2730 furor
424 2677 474 2730 iste
481 2677 579 2731 novusl
593 2696 643 2746 quo
651 2676 927 2756 nune,quo·tep<litis‚’‘
935 2673 1031 2742 inquit,
1041 2675 1093 2728 670

251 2748 267 2776 “
275 2747 337 2829 Heu
348 2746 452 2807 miserae
464 2746 554 2800 cives?
571 2747 749 2832 nonnosum,
759 2762 925 2816 inimicaque
935 2752 1030 2799 castra.

249 2818 394 2882 mgnum
411 2819 508 2873 vestm
519 2834 580 2887 spes
593 2825 681 2877 uuus.
719 2819 774 2889 lln,
786 2837 838 2894 ego
849 2824 944 2878 uester

666 2911 683 2952 o
