2700 3242
269 271 321 323 240
499 266 528 319 P.
541 266 697 321 VIRGILII
715 265 878 319 MARONIS

270 374 351 425 Hunc
362 370 453 441 procul
466 376 597 423 errantem
608 370 707 422 rabidae
719 371 840 423 venantis
853 370 908 423 Iuli

270 443 437 495 Commorere
449 458 533 506 canes,
545 440 626 492 fluvio
639 457 722 508 quum
733 440 801 492 forte
813 441 929 493 secundo

270 510 412 578 Deflueret,
424 511 535 579 ripaque
547 515 625 561 aestus
638 510 770 562 viridante
782 510 889 563 levaret

270 580 331 650 Ipse
343 582 431 647 etiam,
444 580 548 632 eximiae
559 578 646 631 laudis
658 596 798 631 succensus
811 597 905 648 amore,

270 651 399 702 Ascanius
412 666 491 702 curro
503 649 601 701 direxit
613 648 716 717 spicula
728 665 824 702 cornu:

270 719 326 772 Nee
338 720 438 772 dextrae
450 718 549 770 erranti
561 719 625 769 deus
637 717 724 770 afuit:
742 726 855 786 actaque
867 719 954 772 multo

271 788 373 857 Perque
386 795 491 840 uterum
504 787 592 839 sonitu
603 804 702 855 perque
714 787 761 839 ilia
773 788 846 840 venit
858 790 968 843 arundo.

271 857 382 911 Saucius
394 864 423 910 at
436 858 583 925 quadrupes
595 863 659 909 nota
670 857 742 908 intra
754 863 825 909 tecta
837 858 944 925 refugit,
1067 862 1120 913 600

271 927 453 995 successitque
465 943 571 994 gemens
583 925 701 992 stabulis,
715 932 861 994 questuque
874 934 1001 981 cruentus

272 997 360 1066 Atque
372 996 525 1064 imploranti
536 995 628 1047 similis
640 1001 742 1047 tectum
754 1013 831 1049 omne
842 995 968 1064 replebat

272 1066 355 1119 Silvia
367 1066 452 1134 prima
464 1081 540 1131 soror,
553 1064 647 1133 palmis
659 1082 782 1132 percussa
793 1065 912 1133 lacertos,

272 1136 411 1187 Auxilium
424 1140 499 1187 vocat
512 1141 539 1186 et
551 1135 629 1185 duros
641 1134 789 1186 conclamat
801 1141 923 1202 agrestes

274 1204 334 1273 Olli,
346 1205 427 1273 pestis
439 1204 510 1256 enim
522 1203 611 1255 tacitis
623 1203 690 1255 latet
702 1221 794 1271 aspera
806 1205 886 1272 silvis,

273 1273 412 1343 Improvisi
424 1274 537 1326 adsunt:
556 1273 600 1324 hic
612 1278 682 1325 torre
693 1280 811 1326 armatus
824 1273 924 1340 obusto,
1078 1320 1080 1325 .

274 1343 379 1413 stipitis
390 1343 434 1394 hic
446 1343 549 1411 gravidi
560 1342 652 1396 nodis:
671 1343 741 1410 quod
753 1344 849 1412 cuique
859 1361 888 1395 re
908 1350 996 1397 ertum

274 1413 335 1465 Rim
385 1413 401 1479 ‘,
414 1413 497 1465 telum
509 1412 549 1465 ira
560 1412 633 1465 facit.
669 1411 754 1465 Vocat
766 1414 874 1480 agmina
885 1362 1028 1483 Ji'yrrheus,

274 1482 333 1547 Qua
485 1499 593 1534 uercum
605 1481 696 1533 cuneis
707 1482 818 1534 utforte
831 1483 928 1535 coactis

273 1552 369 1606 Scinde
524 1551 625 1620 spirans
636 1551 752 1603 immane
765 1553 856 1604 securi.
1067 1556 1119 1607 ⁶10

273 1623 310 1674 At
323 1638 418 1674 saevae
430 1620 542 1690 speculis
554 1627 658 1690 tempus
671 1621 721 1672 dea
732 1628 811 1673 nacta
822 1620 935 1674 nocendi

273 1692 365 1745 Ardua
377 1696 448 1743 tecta
459 1690 528 1759 petit
540 1690 645 1757 stabuli,
657 1697 684 1743 et
697 1691 729 1742 de
741 1690 856 1743 culmine
868 1708 971 1745 summo

273 1760 408 1813 Pastorale
421 1760 492 1812 canit
505 1761 525 1811 si
563 1777 616 1826 um,
629 1777 763 1828 cornuque
774 1778 882 1813 recurvo

274 1829 425 1882 {lammam
437 1777 670 1882 intenddvoeem:
690 1847 742 1897 que
753 1835 878 1898 protenus
890 1847 968 1882 omne

274 1899 439 1952 Contremuit
450 1916 550 1965 nemus,
563 1904 590 1951 et
602 1899 675 1951 silvas
687 1899 825 1951 intonuere
837 1900 984 1968 profundas,

274 1968 369 2023 Audiit
381 1974 408 2020 et
420 1968 515 2020 Triviae
527 1969 604 2036 longe
616 1968 690 2020 lacus
701 1987 708 2032 3
726 1969 812 2021 audiit
824 1969 909 2021 amnis

275 2039 397 2091 Sulfurea
409 2038 434 2090 N
435 2055 464 2090 ar
476 2037 551 2090 albus
563 2055 633 2106 aqua
644 2038 782 2106 fontesque
794 2038 883 2090 Velini
893 2058 900 2102 ;

274 2109 310 2161 Et
323 2108 431 2176 trepidae
443 2113 540 2159 matres
552 2124 665 2175 pressere
677 2108 712 2160 ad
724 2113 830 2176 pectora
840 2114 924 2162 natos.

275 2178 343 2230 Tum
356 2194 415 2230 vero
427 2176 462 2229 ad
474 2194 564 2230 vocem
576 2177 678 2245 celeres,
692 2194 744 2245 qua
755 2176 867 2229 buccina
880 2178 986 2246 signum

274 2247 340 2300 Dira
352 2246 433 2313 dedit,
445 2246 528 2314 raptis
541 2252 702 2298 concurrunt
714 2247 831 2314 undique
843 2247 903 2299 telis
1070 2250 1120 2303 520

276 2316 403 2369 indomiti
415 2316 535 2383 agricolae
546 2335 553 2380 ;
570 2332 619 2367 nec
632 2333 685 2367 non
697 2322 724 2368 et
736 2317 815 2368 Troia
826 2316 908 2384 pubes

275 2385 388 2438 Ascanio
400 2385 532 2437 auxilium
544 2385 635 2437 castris
648 2385 762 2438 effundit
774 2386 879 2454 apertis.

275 2455 401 2508 Direxere
414 2455 488 2506 acies.
524 2454 585 2506 Non
593 2456 651 2522 jam
663 2455 806 2507 certamine
817 2455 923 2523 agresti,

276 2524 316 2577 Sti
336 2524 417 2575 itibus
429 2524 502 2575 duris
514 2525 604 2591 agitur
616 2524 756 2577 sudibusve
768 2526 905 2593 praeustis;

276 2542 335 2645 sed
340 2594 408 2645 ferro
420 2593 532 2661 ancipiti
544 2594 695 2659 decernunt,
708 2600 818 2662 atraque
830 2594 884 2646 late

277 2662 412 2714 Horrescit
425 2663 522 2715 strictis
534 2679 607 2730 seges
619 2663 732 2727 ensibus,
745 2681 848 2731 aeraque
860 2664 966 2732 fulgent

266 2731 330 2787 Sole
340 2731 472 2804 lacessita,
486 2738 514 2788 et
526 2732 613 2787 lucem
625 2732 673 2785 sub
685 2732 777 2784 nubila
787 2735 906 2800 jactent:

254 2802 377 2861 Fluctus
390 2807 433 2862 uti
445 2808 538 2879 primo
551 2807 636 2881 coepit
647 2822 734 2877 quum
744 2803 874 2857 albescere
883 2810 993 2872 rente,

664 2910 677 2931 ⁸
695 2904 760 2949 paulu
