2700 3242
420 484 452 540 P.
474 482 677 539 VIRGILII
705 481 917 541 MARONIS

370 685 958 776 AENEIDOS

469 919 613 972 LIBER
642 919 865 984 QUARTUS.

600 1100 731 1118 mmm

243 1209 285 1262 Ar
297 1209 392 1278 regina
404 1210 478 1279 gravi
486 1211 646 1280 jamdudum
659 1213 748 1265 saucia
759 1229 823 1265 cura

243 1278 351 1332 Vulnus
363 1280 413 1332 alit
425 1281 506 1347 venis,
519 1286 546 1333 et
559 1298 625 1334 caeco
638 1283 757 1350 carpitur
769 1283 832 1350 igni.

243 1348 334 1401 Multa
345 1349 397 1401 viri
409 1350 493 1402 virtus
506 1351 601 1417 animo,
614 1352 767 1419 multusque
779 1353 897 1403 recursat

245 1417 339 1470 Gentis
351 1418 450 1482 h0n0s;
468 1419 570 1471 haerent
581 1419 659 1471 infixi
671 1427 775 1488 pectore
787 1421 878 1473 vuitus

244 1485 385 1555 Verbaque
397 1506 403 1551 ;
421 1505 469 1540 nec
481 1489 614 1557 placidam
626 1489 750 1540 membris
763 1490 810 1541 dat
823 1507 886 1541 cura
898 1488 1021 1557 quictem.

244 1555 355 1608 Postera
366 1555 481 1609 Phoebea
493 1557 624 1610 lustrabat
636 1557 760 1626 lampade
773 1564 863 1625 terras,

245 1624 460 1694 Humentemque
472 1626 574 1679 Aurora
580 1627 646 1746 lpolo
659 1627 804 1680 dimoverat
816 1627 937 1680 umbram
948 1646 955 1690 3

245 1693 336 1757 Quum
348 1694 385 1746 sic
397 1696 551 1748 unanimam
563 1713 579 1748 a
601 1696 707 1764 oquitur
719 1697 788 1748 male
801 1714 864 1748 sana
877 1709 1004 1751 sororem:

246 1763 348 1816 “Anna
359 1779 438 1829 soror,
450 1782 509 1832 ques
521 1782 562 1816 mc
575 1779 727 1832 suspensam
739 1763 868 1815 insomnia
880 1768 997 1818 terrent!

246 1827 312 1891 Quis
324 1845 408 1880 novus
419 1828 464 1880 hic
475 1829 571 1881 nostris
584 1829 708 1880 successit
720 1828 824 1880 sedibus
834 1829 926 1896 hospes
938 1831 943 1882 ἔ
1061 1828 1093 1876 10

246 1897 333 1960 Quem
344 1913 399 1949 sese
411 1913 454 1949 ore
465 1898 568 1950 ferens!
589 1915 669 1965 quam
681 1897 744 1949 forti
756 1903 860 1966 pectore
873 1902 900 1949 et
912 1895 1004 1948 armis!

197 1974 199 1981 '
246 1965 330 2018 Credo
342 1965 471 2034 equidem,
483 1984 532 2018 nec
544 1984 613 2018 rana
624 1967 697 2032 fides,
710 1985 793 2034 genus
806 1984 860 2018 esse
873 1966 980 2017 deorum
991 1982 997 2017 :

245 2033 396 2102 Degeneres
407 2035 508 2087 animos
520 2036 600 2087 timor
611 2035 705 2103 arguit.
736 2036 805 2103 Heu,
819 2035 914 2103 quihus
926 2033 972 2085 ille

246 2103 267 2156 J
267 2109 373 2156 aetatm
385 2104 465 2159 fatis!
486 2121 544 2172 quae
556 2104 626 2156 bella
638 2105 768 2157 exhausta
780 2104 905 2157 canebat!

247 2172 276 2225 Si
287 2172 355 2225 mihi
367 2190 421 2225 non
433 2174 521 2225 animo
533 2173 618 2225 fixum
629 2174 820 2241 immotumque
833 2173 941 2238 sederet,

246 2240 289 2294 Nc
301 2241 345 2294 cui
356 2259 400 2294 me
411 2242 498 2294 vinclo
510 2243 606 2295 vellem
618 2243 715 2294 sociare
723 2243 820 2310 jugali,

248 2310 393 2380 Postquam
404 2311 505 2379 primus
517 2329 590 2363 amor
601 2312 739 2379 deceptam
750 2317 834 2364 morto
846 2309 942 2361 fefellit
954 2327 961 2372 ;

248 2378 277 2432 si
288 2397 342 2432 non
355 2386 496 2448 pertaesum
509 2380 620 2432 thalami
632 2381 762 2448 taedaeque
775 2381 875 2446 fuisset,

249 2449 321 2500 Huic
333 2449 383 2500 uni
393 2449 482 2502 forsan
493 2451 569 2518 potui
582 2450 750 2502 succumbere
762 2450 853 2517 culpae.

249 2517 336 2584 Anna,
347 2517 450 2571 fatebor
462 2519 539 2586 enim,
552 2519 640 2571 miseri
652 2524 712 2587 post
724 2518 781 2570 fata
794 2513 897 2586 Sychaei
1060 2518 1094 2567 20

250 2586 334 2655 Conju
355 2587 383 2653 's,
396 2593 423 2640 et
436 2605 536 2656 sparsos
548 2589 665 2640 fraterna
678 2588 749 2640 caede
761 2592 878 2655 penates,

249 2655 327 2710 Solus
360 2656 384 2709 'c
394 2657 499 2709 inflexit
512 2675 608 2722 sensus,
622 2657 793 2725 animumque
805 2655 942 2709 labantem

240 2724 383 2843 fflmuilpp:
452 2743 509 2778 osco
522 2726 617 2782 veteris
630 2727 747 2817 vestigia
758 2728 886 2817 dammae.

383 2808 401 2843 v
436 2793 517 2849 tellus
530 2803 623 2867 optem
634 2818 716 2874 prius
729 2822 790 2862 rma
802 2803 947 2871 dehiscat,
