2700 3242
256 294 288 347 88
497 289 695 340 GEORGIOON
714 289 779 340 LIB.
797 286 843 340 IV.

257 387 322 437 Cum
335 387 429 453 quibus
441 386 488 438 ilia
500 387 589 437 choros
601 387 667 437 lucis
679 385 797 452 agitabat
809 386 837 436 in
849 385 918 448 altis,

252 454 372 506 Exitium
384 455 476 506 misere
488 455 587 522 apibus.
617 455 657 505 'Pu
669 471 777 504 munera
790 456 899 520 supplex

252 522 346 589 Tende,
358 529 448 590 petens
461 540 557 589 pacem,
570 528 597 573 et
608 522 698 573 faciles
710 538 832 572 venerare
844 523 971 587 Napaeas:

251 590 371 658 Namque
384 591 484 642 dabunt
497 591 600 641 veniam
612 590 687 654 votis,
699 589 800 655 irasque
812 590 955 640 remittent.

252 658 309 723 Sed,
321 659 413 710 modus
425 659 515 710 orandi
528 658 573 724 qui
585 658 626 722 sit,
638 658 711 724 prius
723 657 812 708 ordine
825 658 917 709 dicam.

252 727 369 788 Quatuor
381 727 488 778 eximios
500 726 635 793 praestanti
647 742 750 792 corpore
763 733 857 791 tauros,

252 795 303 857 Qui
315 795 364 846 tibi
376 811 446 845 nunc
459 795 548 845 viridis
561 794 704 859 depascunt
716 810 817 844 summa
829 793 922 860 Lycaei,

250 862 348 930 Delige,
362 868 389 914 et
400 863 499 913 intacta
512 862 621 912 totidem
633 861 732 912 cervice
741 862 875 926 juvencas.

251 931 368 992 Quatuor
380 931 420 981 his
433 947 489 981 aras
502 930 557 981 alta
568 929 601 980 ad
614 929 723 980 delubra
734 929 842 980 dearum

251 997 391 1063 Constitue,
404 1004 430 1048 et
443 1014 543 1048 sacrum
552 997 653 1064 jugulis
666 997 775 1047 demitte
787 1013 921 1059 cruorem;

250 1065 411 1133 Corporaque
423 1066 479 1132 ipsa
491 1065 568 1117 boum
580 1065 700 1116 frondoso
713 1065 799 1115 desere
813 1065 878 1116 luco.

250 1133 319 1199 Post,
332 1134 377 1185 ubi
389 1151 458 1184 nona
470 1150 528 1184 suos
541 1150 633 1184 aurora
646 1133 787 1183 ostenderit
799 1144 879 1188 ortus.

249 1201 359 1253 Inferias
372 1201 467 1268 Orphei
479 1201 585 1252 Lethaea
596 1217 725 1268 papavera
736 1201 829 1262 mittes,
835 1220 842 1262 ;

249 1268 384 1321 Placatam
396 1270 544 1336 Eurydicen
556 1269 641 1320 vitula
653 1267 807 1320 venerabere
820 1285 892 1334 casa,

248 1337 283 1389 Et
296 1339 398 1404 nigram
409 1338 535 1389 mactabis
548 1355 628 1402 ovem,
640 1337 780 1403 lucumque
792 1338 893 1388 reviset.

285 1407 365 1457 Haud
376 1423 463 1457 mora:
483 1405 605 1456 continuo
617 1405 709 1455 matris
720 1411 850 1472 praccepta
861 1403 973 1456 facessit.

248 1474 289 1524 Ad
302 1474 410 1524 delubra
422 1474 511 1536 renit3
529 1479 685 1524 monstratas
698 1473 796 1524 excitat
808 1490 882 1536 aras;

248 1541 366 1604 Quatuor
377 1542 484 1592 eximios
496 1541 631 1607 prestanti
644 1558 748 1607 corpore
760 1547 847 1592 tauros

247 1608 336 1674 Ducit,
348 1615 375 1660 et
387 1608 488 1660 intacta
499 1609 608 1660 totidem
621 1609 719 1658 cervice
728 1611 861 1674 juvencas.

246 1676 316 1742 Post,
328 1676 374 1727 ubi
386 1694 455 1727 nona
467 1694 525 1727 suos
537 1693 629 1727 aurora
641 1676 781 1727 induxerat
793 1689 873 1743 ortus,

247 1744 356 1796 Inferias
370 1744 465 1809 Orphei
477 1745 569 1808 mittit,
582 1745 721 1810 lucumque
734 1745 829 1796 revisit.

246 1812 298 1864 Hic
310 1830 369 1864 vero
382 1812 497 1862 subitum
509 1829 539 1863 ac
552 1813 626 1863 dictu
637 1812 755 1863 mirabile
767 1818 910 1863 monstrum

245 1881 392 1948 Aspiciuut,
404 1881 545 1947 liquefacta
557 1880 635 1930 boum
647 1897 694 1946 por
708 1881 805 1931 viscera
817 1886 871 1931 toto

246 1947 359 2001 Stridore
371 1966 432 2015 apes
444 1954 525 2011 utero,
538 1954 564 1999 et
576 1948 660 2015 ruptis
673 1948 793 1998 effervere
806 1949 882 1999 costis
894 1964 901 2010 ;

246 2015 440 2083 Immensasque
454 2016 522 2067 trahi
535 2017 616 2067 nubes
629 2035 635 2077 ;
650 2018 757 2081 jamque
769 2017 858 2067 arbore
872 2031 973 2066 summa

245 2084 385 2150 confluere,
398 2089 424 2135 et
436 2084 513 2135 lentis
525 2101 604 2136 uvam
617 2084 752 2135 demittere
764 2085 848 2135 ramis.

282 2219 346 2270 Hac
359 2236 435 2285 super
447 2236 566 2270 arvorum
579 2219 653 2269 cultu
665 2235 836 2285 pecorumque
849 2217 980 2283 canebam,

246 2287 282 2339 Et
294 2305 370 2354 super
382 2287 522 2352 arboribus,
536 2288 618 2337 Caesar
630 2286 693 2336 dum
705 2304 815 2352 magnus
827 2287 860 2337 ad
873 2287 957 2337 altum

246 2356 381 2407 Fulminat
394 2354 546 2421 Euphraten
558 2355 632 2418 bello,
645 2354 778 2420 victorque
791 2355 906 2406 volentes

246 2423 296 2475 Per
308 2423 415 2491 populos
428 2423 474 2473 dat
483 2424 551 2488 jura,
564 2423 684 2488 viamque
696 2422 801 2473 affectat
814 2423 931 2490 Olympo.

247 2490 299 2543 Illo
312 2491 452 2557 Virgilium
464 2508 505 2541 mo
517 2497 631 2556 tempore
644 2490 727 2540 dulcis
739 2489 825 2540 alebat

246 2557 416 2624 Parthenope,
430 2558 522 2609 studiis
534 2559 668 2609 florentem
680 2557 800 2622 ignobilis
812 2561 850 2609 oti
863 2575 869 2609 z

247 2626 366 2677 Carmina
378 2627 422 2693 qui
435 2626 485 2677 lusi
498 2632 637 2692 pastorum,
650 2627 789 2691 audaxque
797 2627 916 2692 juventa,

245 2693 340 2763 Tityre,
354 2700 380 2747 to
389 2694 488 2763 patulae
502 2694 583 2746 cecini
596 2694 643 2744 sub
655 2691 769 2761 tegmine
781 2693 842 2760 agr
