2700 3242
518 254 685 308 AENEIDOS
704 256 770 309 ΜΒ.
790 255 836 308 Vl.
1047 259 1097 308 2⁰9

250 355 334 409 Trans
345 362 459 425 pontum
469 357 556 424 fugat,
568 363 596 409 et
608 357 685 409 terris
697 358 820 410 immittit
831 359 934 426 apricis.

249 423 363 478 Stabant
375 432 479 478 orantes
491 427 571 495 primi
583 428 763 480 transmittere
776 444 888 494 cursum,

248 494 456 564 Tondebantque
467 513 562 548 manus
574 497 638 564 ripae
651 497 783 549 ulterioris
795 515 900 560 amore;

247 563 349 617 Navita
361 565 407 616 sed
419 565 502 617 tristis
515 583 587 617 nunc
599 566 653 631 hos,
666 583 739 618 nunc
751 567 848 634 accipit
860 567 936 620 illos:

247 632 300 684 Ast
310 633 376 685 alios
388 633 466 701 longe
478 633 611 686 submotos
624 642 696 688 arcet
709 653 797 688 arena.

246 701 353 764 AEneas
365 703 477 755 miratus
490 704 561 755 enim
572 710 713 771 motusque
726 704 852 769 tumultu,

248 773 263 799 “
272 769 347 835 Dic‚'’
360 770 406 835 ait,
419 776 456 822 “o
468 771 548 836 virgo,
561 773 625 839 quid
640 773 699 823 vult
710 787 849 822 concursus
862 770 896 819 ad
908 767 1033 819 amneml

248 839 352 900 Quidve
364 844 460 907 potunt
472 840 586 892 animast
604 841 646 892 vel
660 857 711 906 quo
723 839 872 890 discrimine
884 839 954 904 ripas

248 907 300 959 Hac
312 907 445 975 linquunt,
457 908 510 959 fllae
522 909 599 961 remis
611 909 680 960 vada
691 908 773 959 livida
785 914 893 958 verrunt
902 905 928 958 l”
1036 906 1086 955 320

248 975 301 1028 Olli
314 976 352 1027 sic
364 977 477 1029 breviter
489 979 546 1030 fata
557 984 597 1029 est
609 979 729 1043 longaeva
741 977 876 1028 sacerdos:

247 1043 390 1097 “Anchisa
401 1053 531 1112 generate,
544 1047 624 1098 deum
636 1045 781 1097 certissima
792 1045 885 1112 proles,

248 1113 341 1182 Cocyti
353 1120 448 1180 stagna
459 1114 515 1165 alta
528 1114 607 1179 vides,
621 1112 793 1179 Stygiamque
807 1112 938 1179 paludem,

247 1182 283 1235 Di
295 1185 373 1250 cujus
382 1184 472 1249 jurare
485 1183 580 1234 timent
593 1187 619 1233 et
631 1182 723 1233 fallere
736 1198 842 1232 numen.

248 1252 315 1305 Haec
327 1252 420 1318 omnis,
433 1268 512 1319 quam
525 1251 616 1317 cernis,
629 1251 705 1318 inops
716 1251 908 1317 inhumataque
921 1249 999 1301 turba
1012 1257 1050 1301 ost
1062 1270 1068 1312 ;

248 1320 366 1373 Portitor
378 1321 431 1386 ille,
442 1321 561 1385 Charon3
580 1320 617 1387 hi,
629 1337 694 1388 quos
707 1320 781 1371 vehit
793 1320 872 1385 unda,
886 1319 990 1387 sepulti.

248 1389 304 1443 Nec
316 1391 389 1460 ripas
401 1391 481 1442 datur
492 1390 634 1442 horrendas
647 1396 674 1441 et
686 1406 766 1441 rauca
777 1389 878 1441 fluenta

248 1459 438 1527 Transportare
450 1460 530 1528 prius,
544 1477 623 1527 quam
637 1458 742 1510 sedibus
754 1476 811 1510 ossa
823 1459 955 1527 quierunt.

249 1529 363 1581 Centum
376 1537 464 1581 errant
477 1546 566 1596 annos,
579 1529 746 1595 volitantque
758 1528 815 1580 haec
828 1529 906 1580 litora
918 1529 1032 1580 circum:

248 1598 317 1651 'l'um
330 1598 438 1650 demum
450 1599 558 1650 admissi
570 1604 664 1664 stagna
676 1604 803 1665 exoptata
814 1598 955 1650 revisunt.”
1043 1603 1092 1649 330

250 1667 375 1720 Constitit
387 1667 503 1719 Anchisa
516 1674 596 1734 satus,
609 1674 635 1719 et
648 1668 759 1733 vestigia
771 1669 871 1736 pressit,

248 1736 340 1789 Multa
351 1743 455 1805 putans,
469 1744 617 1804 sortemque
630 1737 717 1788 animo
730 1738 868 1789 miseratus
881 1737 1006 1804 iniquam

250 1806 341 1858 Cernit
353 1805 391 1857 ibi
401 1812 506 1858 maestos
519 1812 545 1858 et
558 1807 648 1858 mortis
661 1806 758 1858 honoro
771 1814 888 1858 carentes

248 1875 408 1944 Leucaspim
419 1880 447 1927 et
459 1876 546 1944 Lyciae
559 1875 694 1927 ductorem
707 1876 796 1927 classis
809 1876 949 1928 Orontem:

250 1945 321 2008 Quos
334 1945 413 1996 simul
425 1962 442 1996 a
453 1946 531 2012 Troja
542 1951 651 1997 ventosa
664 1962 710 2012 por
723 1963 827 2012 aequora
839 1952 926 1997 vectos

250 2013 346 2066 Obruit
355 2017 458 2080 Auster,
471 2031 540 2082 aqua
552 2014 688 2065 involvens
701 2032 847 2083 navemque
861 2019 988 2083 virosque.

283 2082 353 2135 Ecce
365 2085 525 2150 gubernator
537 2099 591 2134 sese
604 2082 746 2133 Palinurus
758 2088 869 2150 agenn:

249 2151 303 2216 Qui
315 2151 413 2220 Libyco
425 2170 511 2220 nuper
522 2168 608 2218 cursu,
622 2151 686 2202 dum
699 2151 783 2204 sidera
796 2156 890 2218 servat,

248 2220 393 2273 Exciderat
405 2222 489 2290 puppi
501 2221 594 2272 mediis
607 2221 705 2272 effusus
717 2222 745 2272 in
758 2222 845 2273 undis.

248 2290 330 2343 Hunc
342 2290 389 2343 ubi
401 2291 447 2343 vix
459 2290 546 2342 multa
557 2298 679 2342 maestum
692 2291 814 2357 cognovit
825 2291 855 2342 in
867 2289 967 2358 umbra,
1043 2295 1058 2342 3
1069 2295 1093 2344 {0

248 2359 292 2412 Sic
304 2360 375 2428 prior
387 2359 546 2428 alloquitur:
565 2362 652 2423 “Quis
664 2369 699 2423 te,
713 2361 844 2425 Palinure,
856 2359 963 2410 deorum

248 2428 356 2496 Eripuit
368 2429 450 2497 nobis,
462 2429 601 2497 medioque
613 2429 662 2482 sub
675 2446 779 2496 aequore
792 2430 882 2479 mersit
892 2430 902 2480 'l

247 2498 299 2550 Dic
312 2515 367 2566 age.
403 2498 524 2567 Namque
536 2499 610 2565 mihi,
622 2499 707 2551 fallax
719 2498 791 2550 haud
804 2504 866 2549 ante
878 2503 1004 2565 repertus,

248 2567 308 2620 Hoc
320 2585 374 2620 uno
385 2586 508 2637 responso
520 2569 639 2621 animum
651 2568 748 2620 delusit
761 2568 862 2634 Apollo,

249 2637 302 2701 Qui
313 2638 369 2689 fore
381 2643 408 2690 te
420 2643 501 2706 ponto
513 2637 680 2705 incolumem,
692 2638 808 2704 finesque
821 2635 932 2688 canebat

249 2710 400 2761 Venturum
414 2707 547 2760 Ausonios.
584 2707 625 2763 En
638 2707 695 2764 haec
708 2705 838 2783 promissa
848 2707 918 2761 lidos
930 2705 1005 2760 esti*

246 2777 299 2829 1110
307 2783 414 2830 autem:
433 2778 546 2848 “Neque
560 2785 588 2836 te
600 2782 700 2840 Phoeti
715 2785 827 2842 cortina
838 2782 957 2852 tuella,

668 2867 685 2908 1’
