2700 3242
283 293 334 348 102
515 286 544 341 P.
558 286 712 340 VIRGlLlI
730 284 891 339 Mnuouls

283 386 376 454 Ausus,
389 392 416 440 et
428 386 533 441 afflictis
544 387 638 440 melius
652 387 780 440 confidere
792 385 875 439 rebus.

282 453 402 524 Namque
415 458 462 509 sub
474 458 576 525 ingenti
589 458 685 510 lustrat
697 457 760 508 dum
773 456 878 524 singula
889 453 988 524 temple

284 523 410 593 Reginam
423 529 566 596 opperiens,
578 528 649 594 dum,
663 544 722 594 quae
734 527 841 578 fortuna
852 526 887 577 sit
898 525 965 591 urbi,

281 595 472 665 Artificumque
483 615 576 649 manns
588 597 658 648 inter
670 614 697 648 se
709 613 867 664 operumque
879 594 994 646 laborem

281 661 403 732 Miratur,
416 666 488 719 videt
501 667 594 718 Iliacas
607 684 639 718 ex
652 666 742 718 ordine
754 682 863 733 pugnas,

281 732 407 802 Bellaque
415 736 472 802 jam
484 737 555 787 fama
568 743 653 788 totum
666 735 775 802 uulgata
787 751 833 802 per
844 733 939 799 orbem,

280 803 395 869 Atridas,
408 805 601 872 Priamumque,
615 812 641 856 et
654 822 752 856 saevum
764 803 889 855 ambobus
901 801 1039 854 Achillem.

279 872 410 938 Constitit,
420 883 447 924 et
459 873 606 939 lacrimans,
616 874 702 936 “Quis
711 877 768 942 jam
780 871 876 936 locus‚''
886 871 915 922 in
933 870 981 937 uit,
995 869 1061 922 “hcl

279 941 346 1002 Quae
359 940 430 1008 regio
442 941 471 992 in
483 941 558 992 terris
569 940 652 992 nostri
664 957 718 990 non
730 939 808 1007 plena
820 888 932 991 laborisl

205 1032 207 1035 ·
280 1005 322 1058 lln
334 1007 469 1062 Priamus!
500 1009 568 1062 Sunt
580 1009 623 1060 hie
635 1009 716 1061 etiam
728 1026 775 1060 sua
787 1008 895 1077 praemia
907 1007 998 1072 laudi;

279 1074 348 1128 Sunt
360 1077 472 1130 lacrimoe
485 1096 579 1145 rerum,
592 1086 618 1130 et
630 1087 745 1130 mentem
757 1078 878 1129 mortalia
890 1085 1014 1144 tangunt.

279 1143 355 1198 Solve
367 1156 469 1212 metus;
487 1149 553 1200 feret
566 1148 623 1200 haec
635 1147 751 1215 aliquam
765 1147 813 1199 tibi
826 1147 897 1198 fama
909 1146 1048 1200 salutem''

279 1211 321 1267 Sic
333 1216 378 1284 ait,
392 1224 470 1285 atque
482 1218 600 1269 animum
613 1218 716 1287 pictura
728 1217 812 1285 pascit
824 1217 904 1283 inani,

280 1281 365 1338 Multa
377 1303 489 1353 gemens,
502 1287 626 1355 largoque
639 1287 774 1339 humectat
786 1287 893 1338 flumine
906 1285 1017 1339 vultum.

277 1352 397 1424 Namque
409 1356 522 1423 videbat,
535 1358 576 1409 uti
588 1356 716 1410 bellantes
729 1357 855 1424 Pergama
867 1356 966 1407 circum

280 1422 336 1476 Hac
348 1427 470 1492 fugerent
482 1427 560 1492 Graii,
573 1437 702 1495 premeret
714 1427 826 1494 'lhojana
834 1427 976 1493 juventus;

278 1489 335 1545 Hac
349 1494 465 1562 Phryges
476 1515 482 1558 ;
501 1496 610 1548 instaret
623 1514 702 1548 curru
715 1497 839 1547 cristatus
852 1493 975 1548 Achilles.

276 1560 331 1614 Nec
344 1565 431 1631 procul
446 1565 507 1616 hinc
521 1565 599 1617 Rhesi
612 1567 694 1618 niveis
707 1565 820 1617 tentoria
832 1564 896 1617 velis

277 1631 401 1698 Agnoscit
414 1633 558 1700 lacrimans,
572 1636 654 1703 primo
667 1653 726 1702 quae
739 1635 842 1703 prodita
854 1651 942 1686 somno

275 1700 387 1768 Tydides
399 1703 484 1756 multa
496 1705 615 1757 vastabat
628 1705 698 1756 cade
711 1713 842 1770 eruentus,

283 1769 454 1839 lrdentesque
467 1775 562 1826 avertit
575 1791 652 1842 equos
665 1776 693 1825 in
705 1786 797 1837 castra,
811 1774 883 1842 prius
896 1791 974 1841 qnam

280 1838 376 1893 Pabula
387 1851 536 1909 gustassent
549 1845 631 1911 Trojae
645 1844 834 1911 Xanthumque
846 1843 979 1896 bibissent.

278 1906 352 1962 1'arte
364 1911 416 1963 alia
428 1912 530 1980 fugiens
543 1914 643 1965 amissis
656 1913 759 1964 Troilus
772 1914 858 1979 armis,

279 1979 371 2032 mfelix
385 1999 457 2050 puer,
469 1993 549 2049 atque
562 1985 646 2051 impar
659 2000 810 2049 congressus
824 1982 929 2047 Achilli,

277 2047 367 2102 llertur
379 2052 457 2119 equis,
471 2070 600 2120 curruque
614 2054 695 2104 haeret
708 2053 845 2120 resupinus
859 2053 938 2118 inani,

271 2115 338 2171 Irora
351 2128 442 2172 tenens
455 2130 559 2174 tamen:
579 2124 640 2173 huie
653 2123 792 2186 cervixque
806 2139 937 2187 comaeqne
950 2121 1061 2174 trahunt

277 2189 322 2239 Per
334 2198 436 2254 terram,
450 2199 476 2242 et
490 2209 563 2243 versa
575 2192 661 2260 pulvis
674 2191 825 2242 inscribitur
838 2193 920 2243 hasta.

277 2259 376 2312 interea
388 2261 421 2312 ad
434 2261 562 2328 templum
576 2279 628 2312 non
641 2278 722 2329 aequae
736 2261 851 2312 Palladis
864 2261 938 2312 ibant

273 2325 390 2381 Crinibus
405 2331 499 2382 Iliades
513 2331 600 2397 passis,
615 2332 772 2399 peplumque
785 2330 904 2382 ferebant

272 2393 429 2466 Suppliciter
442 2401 528 2452 tristes
542 2410 568 2452 et
581 2411 665 2452 tunsae
680 2409 784 2468 pectora
797 2399 907 2468 palmis;

273 2464 338 2519 Diva
351 2468 403 2520 solo
416 2470 481 2520 fixos
494 2470 580 2521 oculos
593 2488 683 2522 aversa
696 2469 808 2521 tenebat.

271 2532 318 2586 Per
331 2537 428 2588 circum
445 2539 537 2590 Iliacos
550 2546 701 2608 raptaverat
715 2540 829 2590 Hectora
842 2556 935 2604 muros,

272 2602 479 2675 Exanimurnque
492 2627 555 2659 auro
568 2627 660 2676 corpus
673 2609 802 2660 vendebat
814 2609 933 2660 Achilles.

269 2671 336 2724 Tum
348 2693 407 2727 vero
420 2677 553 2743 ingentem
566 2679 695 2746 gemitum
708 2679 754 2728 dat
767 2687 869 2746 pectore
882 2678 914 2728 ab
927 2677 987 2742 imo,

197 2784 206 2793 .
261 2739 298 2792 Ut
307 2744 400 2812 spolia,
416 2754 446 2800 ut
459 2763 560 2818 currus,
573 2757 658 2817 utque
669 2748 758 2819 ipsum
769 2766 861 2816 corpus
872 2747 960 2811 amici,

240 2805 470 2882 sentientemque
483 2839 585 2876 manus
598 2821 745 2876 Priamum
755 2815 1028 2887 conspex'xtinermes.
