2700 3242
289 300 340 349 322
532 299 561 352 P.
581 299 736 352 VIRGILII
754 298 917 352 MARONIS

287 403 477 470 AEternumque
490 402 572 455 vale.''
608 402 634 453 N
635 417 663 452 ec
675 402 753 468 plura
764 399 858 451 effatus
870 399 907 451 ad
920 399 988 451 altos

288 473 423 526 Tendebat
435 489 530 540 muros,
543 489 712 540 gressumque
723 472 753 522 in
765 477 851 523 castra
862 470 970 524 ferebat.

323 544 438 611 Jamque
451 548 564 595 oratores
576 541 687 593 aderant
699 558 733 592 ex
744 540 809 593 urbe
820 540 923 607 Latina,

288 610 378 664 Velati
390 612 470 664 ramis
482 611 553 678 oleae,
565 611 722 678 veniamne
733 615 872 677 rogantes:

289 681 409 749 Corpora,
422 698 469 749 per
480 696 585 748 campos
596 680 664 731 ferro
676 695 736 746 quae
749 680 809 731 fusa
817 677 949 747 jacebant,

288 749 426 816 Redderes,
439 767 470 802 ac
482 748 586 800 tumulo
598 748 695 800 sineret
707 747 845 800 succedere
857 752 950 810 terrae3

287 817 400 871 Nullum
412 837 473 871 cum
485 818 561 870 victis
574 824 707 869 certamen
719 824 747 869 et
759 816 856 869 aethere
867 817 963 881 cassis3

287 887 410 940 Parceret
422 886 571 955 hospitibus
583 886 715 954 quondam
727 886 873 954 socerisque
881 885 988 938 vocatis.

287 957 357 1020 Quos
369 957 452 1009 bonus
465 957 569 1023 AEneas‚
581 955 653 1007 hand
665 954 830 1024 aspernanda
841 961 985 1023 precantes,

285 1024 457 1094 Prosequitur
469 1025 553 1093 venia,
566 1029 593 1076 et
605 1024 691 1076 verbis
702 1024 760 1077 haec
772 1024 879 1093 insuper
890 1023 983 1078 addit:

289 1095 437 1158 “Quaenam
449 1111 494 1145 vos
507 1098 581 1146 tanto
594 1094 701 1146 fortuna
712 1093 831 1159 indigna,
843 1093 941 1160 latini,

286 1157 424 1229 implicuit
436 1160 511 1225 bello,
524 1159 629 1227 quinos
641 1159 752 1226 fugiatis
763 1160 881 1212 amicos?

285 1227 381 1282 Pacem
392 1247 434 1281 me
447 1229 575 1282 exanimis
588 1234 615 1280 et
627 1229 722 1280 Martis
734 1234 803 1281 sorte
814 1229 938 1297 peremtis

286 1298 393 1351 Oratisl
411 1298 532 1366 equidem
544 1303 571 1349 et
583 1297 650 1349 vivis
663 1298 803 1350 concedere
816 1298 917 1351 vellem.

284 1365 310 1419 N
312 1385 340 1419 ec
354 1367 421 1434 veni,
434 1367 485 1418 nisi
497 1367 553 1418 fate
565 1366 652 1417 locum
665 1367 804 1435 sedemque
817 1367 949 1420 dedissent
960 1387 967 1430 3

284 1434 340 1488 Nec
352 1436 450 1488 bellum
463 1453 524 1487 cum
535 1441 615 1503 gente
626 1452 704 1503 gero:
721 1453 769 1488 rex
781 1442 871 1488 nostra
881 1437 991 1504 reliquit

284 1505 416 1573 Hospitio,
429 1511 457 1556 et
469 1505 551 1556 Turni
563 1505 651 1573 potius
663 1522 691 1557 se
703 1505 816 1557 credidit
827 1508 914 1564 armis

284 1574 398 1642 AEquius
410 1575 472 1625 huic
484 1574 702 1626 Turnumiuerat
715 1591 742 1625 se
754 1591 883 1642 opponere
895 1576 982 1628 morti

284 1643 312 1695 si
325 1644 423 1694 bellum
436 1643 511 1694 finire
523 1660 611 1707 manu,
625 1643 645 1694 si
658 1643 755 1710 pellere
767 1644 879 1696 Teucros

283 1713 410 1780 Apparet,
423 1712 464 1763 his
476 1729 579 1763 mecum
591 1711 681 1763 decuit
693 1729 845 1764 concurrere
857 1713 917 1764 telis
928 1732 935 1776 ;

283 1781 372 1849 viret,
386 1782 429 1833 cui
441 1782 524 1833 vitam
536 1781 600 1832 deus
613 1789 660 1833 aut
672 1798 720 1832 sua
732 1781 826 1833 dextra
838 1781 960 1835 dedisset.

283 1849 363 1902 Nune
375 1851 419 1918 ite,
432 1858 459 1902 et
471 1851 572 1902 miseris
585 1851 724 1918 supponite
737 1850 838 1902 civibus
850 1851 958 1918 ignenn”

281 1919 395 1972 Dixerat
407 1920 509 1973 AEneas.
547 1920 600 1972 Olli
612 1920 770 1988 obstupuere
782 1919 888 1971 silentes
899 1939 906 1983 ;

282 1989 457 2056 Conversique
470 1989 556 2041 oculos
568 1989 638 2040 inter
650 2005 676 2040 se
689 1994 769 2056 atque
781 2006 826 2040 ora
838 1990 971 2042 tenebant.

281 2057 350 2110 'rum
363 2059 447 2110 senior
460 2075 611 2126 semperque
624 2058 690 2109 odiis
703 2065 730 2109 et
742 2058 850 2109 crimine
863 2058 979 2111 Drances

282 2126 405 2180 infensus
414 2128 507 2196 juveni
520 2127 607 2179 Turno
620 2127 657 2178 sic
669 2144 712 2178 ore
724 2127 838 2178 vicissim

280 2197 345 2249 Orsa
356 2198 451 2250 refert:
470 2200 484 2224 “
496 2197 517 2248 Ο
530 2199 600 2249 fama
612 2198 712 2263 ingens,
722 2196 855 2262 ingentior
870 2194 958 2259 armis,

281 2264 330 2316 Vir
343 2267 459 2331 'frojanq
472 2263 566 2331 quibus
579 2264 642 2315 coelo
655 2270 682 2315 te
695 2264 817 2316 laudibus
829 2265 951 2332 aequeml

280 2333 435 2386 destitiaene
447 2333 519 2401 prius
532 2334 617 2400 mirer,
629 2333 726 2384 belline
739 2333 857 2385 laborum
868 2334 877 2386 l

280 2403 306 2455 N
308 2422 334 2455 os
347 2420 407 2455 vero
420 2403 475 2453 haec
487 2403 601 2470 patriam
614 2402 684 2469 grati
695 2403 837 2454 referemus
848 2404 882 2455 ad
895 2402 1006 2470 urbem;

280 2471 316 2524 llt
329 2479 362 2536 te,
376 2472 462 2540 siqua
475 2473 544 2522 viam
557 2471 659 2523 dederit
671 2472 785 2538 fortuna,
798 2473 893 2525 latino

280 2540 430 2609 derogemus
443 2541 505 2607 regi.
543 2540 649 2604 Quaerat
662 2541 712 2592 sibi
724 2542 822 2594 foedera
834 2543 946 2596 Turnus.

281 2611 351 2673 Quin
366 2617 392 2661 et
404 2610 497 2661 fatales
510 2627 644 2661 murorum
657 2610 777 2662 attollere
789 2611 878 2679 moles,

272 2677 400 2751 Steraquc
413 2679 566 2733 subvectare
579 2679 696 2730 humeris
708 2681 820 2748 'frojana
828 2678 953 2748 juvabit?

260 2751 384 2810 Dixerat
398 2755 465 2825 haec,
480 2769 588 2825 unoque
601 2768 691 2805 ornnes
702 2750 793 2802 cedern
802 2767 845 2801 ore
856 2751 1013 2808 fremebant.

246 2823 306 2883 Bis
316 2848 403 2887 senos
414 2829 554 2905 pepigere
569 2826 636 2896 dies,
648 2827 677 2877 et
686 2838 755 2894 pace
765 2824 899 2888 sequestra
