2700 3242
273 331 324 380 328
498 326 528 380 P.
548 325 703 379 VIRGILII
721 325 885 380 Maronis

274 428 351 480 Nunc
363 428 435 495 adeo,
448 445 505 496 quae
518 429 553 481 sit
565 428 651 480 dubiae
664 429 795 481 sententia
805 430 897 496 menti,

273 497 428 565 Expediam,
441 505 467 550 11
479 498 705 566 paucis-animos
717 498 979 553 adhibete-docebo.

273 566 322 619 Est
335 567 460 634 antiquus
473 584 535 634 ager
547 567 630 618 Tusco
641 567 708 618 mihi
720 568 855 635 proximus
867 568 947 634 amni,

273 635 378 703 Longus
390 636 419 687 in
431 653 558 702 occasum,
570 635 635 686 fines
648 652 727 703 super
737 652 821 703 usque
833 636 939 689 Sicanos
949 655 958 701 3

274 705 394 756 Aurunci
407 705 552 772 Rutulique
564 709 662 770 serunt,
675 710 702 756 et
714 722 815 756 vomere
827 705 906 757 duros

274 773 406 826 Exercent
418 774 502 839 111111,
515 778 596 840 11111
607 773 702 824 horum
714 773 856 842 asperrima
867 779 988 842 pascunt

275 841 340 894 Haec
352 843 436 894 omnis
447 843 525 909 regio,
537 848 564 894 11
576 842 639 893 celsi
650 843 731 910 plaga
742 843 821 910 pinea
831 843 937 909 montis,
1068 844 1121 896 320

276 911 357 963 Cedat
369 912 491 963 amicitiae
503 911 661 962 Teucrorum
672 930 680 974 ;
697 918 724 962 11
735 911 840 963 foederis
852 929 940 979 aequas

275 979 400 1032 Dicamus
413 980 490 1047 leges,
503 980 634 1046 sociosque
646 979 675 1030 in
687 997 769 1047 regna
781 997 902 1032 vocemus
912 999 919 1044 3

276 1049 426 1113 Considant,
440 1049 461 1100 11
473 1055 564 1100 111111
576 1065 656 1114 amor,
669 1055 696 1100 11
707 1049 805 1101 moenia
817 1049 940 1103 condant.

276 1117 323 1169 Sin
335 1118 399 1170 11111
412 1117 476 1169 fines
488 1117 619 1184 aliamque
632 1134 765 1186 capessere
777 1125 883 1184 gentem

276 1186 325 1239 Est
336 1187 447 1252 animus,
460 1192 624 1254 poscuntque
636 1186 691 1239 solo
703 1186 827 1239 decedere
838 1192 945 1252 nostro;

276 1255 322 1307 Bis
334 1256 414 1307 denas
428 1256 496 1308 Italo
509 1261 630 1307 texamus
641 1255 732 1308 robore
743 1273 832 1322 naves,

277 1323 328 1376 Seu
340 1324 428 1393 plures
440 1324 569 1392 complere
581 1324 687 1376 valent:
702 1327 775 1392 jacet
787 1325 871 1377 omnis
882 1325 916 1377 ad
929 1325 1031 1379 undam

277 1393 417 1446 Materies:
436 1394 486 1462 ipsi
498 1410 690 1460 numerumque
701 1393 860 1461 modumque
872 1394 969 1446 carinis

277 1462 454 1530 Praecipiant3
472 1479 519 1514 nos
532 1479 592 1527 erra,
603 1479 706 1528 manus,
718 1463 824 1515 navalia
836 1462 935 1517 demus

278 1531 415 1599 Praeterea,
428 1531 474 1600 qui
486 1532 559 1583 dicta
569 1533 657 1583 ferant
669 1537 697 1583 et
709 1531 807 1583 foedera
818 1531 932 1598 firment,
1070 1533 1123 1584 330

279 1601 391 1652 Centum
403 1607 515 1652 oratores
528 1601 613 1668 prima
625 1601 657 1651 de
670 1606 749 1667 gente
761 1600 869 1652 Latinos

279 1669 320 1721 Ire
333 1670 426 1737 placet,
439 1669 562 1737 pacisque
574 1686 656 1720 manu
667 1669 829 1737 praetendere
840 1685 944 1732 ramos3

279 1738 391 1790 Munera
403 1744 537 1806 portantes
550 1739 658 1805 aurique
671 1738 807 1804 eborisque
820 1738 922 1790 talenta

279 1807 314 1858 Et
327 1807 417 1858 sellam
429 1807 503 1874 regni
516 1807 685 1874 trabeamque
697 1807 812 1874 insignia
823 1807 913 1858 nostri.

280 1876 412 1928 Consulite
425 1877 453 1926 in
465 1876 589 1941 medium,
602 1883 629 1928 et
640 1875 718 1927 rebus
731 1875 873 1927 succurrite
885 1869 986 1928 fessis.”

314 1946 381 1996 Tum
393 1945 516 2011 Drances,
529 1945 600 1996 idem
611 1944 737 2010 infensus,
750 1961 829 2012 quem
840 1944 924 2011 gloria
936 1944 1019 1996 'lurni

281 2014 394 2081 Obliqua
406 2014 506 2066 invidia
519 2014 684 2081 stimulisque
696 2013 816 2080 agitabat
828 2013 932 2079 amaris,

280 2083 381 2150 Largus
393 2100 472 2151 opum
485 2088 512 2134 et
524 2083 616 2149 lingua
628 2083 727 2148 melior,
740 2082 785 2134 sed
797 2082 895 2148 frigida
907 2081 976 2133 bello

281 2153 403 2218 Dextera,
416 2152 530 2203 consiliis
542 2151 649 2203 habitus
661 2169 715 2203 non
726 2151 812 2202 futilis
824 2156 924 2215 auctor,

281 2221 414 2272 Seditione
426 2227 637 2288 potens-genus
650 2221 712 2271 huic
724 2226 844 2271 materna
856 2217 999 2287 superbum
1076 2222 1127 2271 340

281 2289 412 2341 Nobilitas
425 2288 512 2354 dabat,
524 2289 655 2340 incertum
668 2288 700 2339 de
712 2294 787 2356 patre
800 2288 937 2341 ferebat-

282 2358 380 2425 Surgit,
393 2364 420 2409 et
432 2358 473 2408 his
486 2364 577 2409 onerat
589 2357 667 2409 dictis
680 2363 760 2425 atque
772 2364 881 2425 aggerat
893 2357 945 2409 iras
956 2374 962 2409 :

317 2431 405 2480 “Rem
418 2428 486 2478 nulli
500 2428 645 2493 obscuram,
657 2433 753 2477 nostrae
765 2442 814 2476 nec
826 2427 896 2476 vocis
908 2431 1041 2493 egentem,

283 2491 409 2556 Consulis,
423 2509 437 2542 o
449 2491 581 2542 bouerex.
618 2491 714 2543 Cuncti
727 2509 753 2543 se
767 2493 831 2544 scire
843 2492 970 2559 fatentur,

284 2561 353 2622 Quid
365 2560 473 2611 fortuna
484 2561 553 2611 ferat
565 2561 657 2628 populi
668 2579 675 2623 ;
694 2561 739 2612 sed
751 2561 837 2612 dicere
848 2568 976 2615 mussant.

279 2628 335 2682 Det
346 2629 497 2682 libertatem
510 2629 592 2694 fandi,
605 2629 736 2696 flatusque
748 2631 875 2695 remittat,

272 2702 358 2772 Cujus
372 2701 404 2757 ob
418 2700 573 2775 auspicium
583 2698 734 2754 1111111111
740 2716 876 2766 moresque
888 2699 1047 2752 sinistros—

258 2770 366 2832 Dicam
379 2778 523 2851 equidem,
536 2775 603 2831 licet
616 2789 694 2826 arma
702 2769 774 2821 milii
779 2770 1098 2828 mortemubtmatut-

251 2847 381 2909 Lumina
395 2859 446 2910 tot
460 2851 598 2910 cecidisse
612 2847 732 2910 1111111,
740 2845 881 2901 1111111111
887 2831 1012 2882 *iubemus
