2700 3242
486 301 691 357 caeremon
708 303 775 356 LIB.
794 303 846 358 111.
1056 307 1090 360 61

244 401 300 455 Hoc
311 401 426 470 faciunt,
437 402 519 456 nimio
530 421 565 455 ne
577 403 645 455 luxu
657 403 773 456 obtusior
783 420 847 456 usus

243 471 282 523 Sit
292 471 408 539 genitali
419 489 489 539 arvo,
501 479 528 525 et
539 472 624 524 sulcos
636 472 744 525 oblimet
755 474 852 524 inertes
861 491 870 537 ;

243 538 292 592 Sed
303 540 393 609 rapiat
406 540 498 593 sitiens
510 541 646 608 Venerem,
658 542 821 608 interiusque
832 542 963 595 recondat.

276 609 379 660 Rursus
391 626 456 661 cura
467 615 573 676 patrum
585 610 685 677 eadere,
697 615 725 662 et
736 610 873 663 succedere
883 620 999 663 matrum

243 677 351 747 Incipit.
386 677 496 730 Exactis
507 678 624 745 gravidas
637 694 721 746 quum
732 677 865 731 mensibus
876 688 972 745 errant,

242 745 302 798 Non
312 746 375 798 illas
386 747 511 813 gravibus
523 747 664 814 quisquam
672 749 740 815 juga
752 747 846 799 ducere
858 747 990 828 plaustris,
1038 751 1088 800 140

242 814 302 868 Non
314 815 388 868 saltu
399 832 521 883 superare
533 816 604 868 viam
615 815 650 868 sit
662 833 761 896 passus,
774 820 801 868 et
812 832 867 868 aerr

244 884 356 952 Carpere
366 889 445 952 prata
456 883 529 953 fuga,
540 884 686 952 fluviosque
697 901 790 936 muare
801 901 924 952 rapaces:

244 951 361 1005 Saltibus
372 953 403 1003 in
414 953 504 1004 vacuis
515 959 633 1020 pascant,
644 958 672 1004 et
683 953 762 1021 plena
773 954 916 1006 secundum

244 1021 378 1087 Flumina,
389 1037 496 1072 museus
507 1021 555 1073 ubi
565 1025 593 1074 et
605 1021 763 1074 viridissima
774 1023 892 1088 gramine
903 1023 968 1092 ripa,

243 1089 550 1211 wilmus
559 1090 925 1226 tttttffilstttbffi

244 1225 380 1279 Plurimus
391 1226 541 1279 Alburnum
552 1227 673 1294 volitans,
685 1227 730 1279 cui
740 1244 836 1279 nomen
846 1228 910 1280 asilo

245 1294 396 1348 Romanum
407 1301 454 1363 cst,
467 1301 575 1348 oestnrm
587 1296 659 1348 Graii
671 1301 771 1349 vertere
783 1303 905 1348 vocantes
915 1315 922 1361 3

244 1363 267 1415 A
313 1382 335 1432 r,
348 1363 444 1417 acerba
455 1381 566 1428 sonans;
582 1381 635 1432 quo
646 1370 704 1417 tota
716 1364 842 1416 exterrita
854 1363 926 1417 silvis

244 1381 348 1501 diffugi
387 1439 400 1485 t
411 1439 538 1502 armenta,
549 1434 615 1485 furit
626 1433 772 1500 mugitibus
785 1432 868 1485 aether
1039 1437 1089 1487 150

245 1501 401 1569 Concussus,
413 1502 538 1570 silvaque
549 1508 577 1554 et
589 1502 651 1554 sicci
662 1502 686 1554 ri
732 1501 853 1568 Tanagri

246 1569 303 1623 Hoc
315 1570 450 1639 quondam
461 1576 576 1623 monstro
588 1570 685 1622 horrib'
698 1588 725 1622 es
736 1571 855 1622 exercuit
865 1570 918 1624 iras

246 1638 364 1692 Inachiae
376 1639 396 1692 J
397 1656 450 1692 uno
462 1645 563 1708 pestem
573 1639 703 1692 meditata
710 1641 839 1706 juvenca.

247 1707 327 1760 Hunc
340 1725 451 1776 quoque,
463 1725 526 1761 nam
537 1708 630 1760 mediis
641 1708 789 1760 fervoribus
801 1708 885 1760 aerior
895 1709 987 1778 instat,

246 1776 354 1829 Arcebis
366 1777 475 1845 gravido
486 1777 581 1846 pecori,
593 1782 763 1844 armentaque
793 1794 871 1843 esces,

246 1844 304 1898 Sole
315 1862 407 1899 recens
419 1851 483 1913 orto,
495 1852 543 1898 aut
554 1851 658 1898 noctem
669 1795 826 1898 ducentibus
837 1846 921 1899 astris

279 1914 345 1966 Post
356 1920 464 1983 partum
475 1931 539 1966 eura
549 1915 579 1966 in
590 1913 687 1966 vitulos
699 1914 847 1966 traducitur
859 1915 958 1969 omnis:

247 1983 430 2051 Continuoque
441 1988 517 2035 notas
529 1988 556 2035 et
567 1983 674 2034 nomina
685 1983 772 2050 gentis
783 1983 901 2050 inurunt,

245 2051 281 2104 lit
292 2068 360 2120 quos
372 2057 420 2104 aut
431 2052 519 2120 pecori
529 2051 625 2104 malint
637 2051 790 2104 submittere
801 2052 928 2120 habendo,

246 2121 302 2173 Aut
314 2120 367 2173 aris
379 2137 481 2173 servare
492 2137 583 2188 saeros,
596 2125 644 2173 aut
656 2120 772 2172 scindere
783 2127 887 2188 terram,
1041 2125 1090 2175 lcc

246 2188 282 2242 Et
294 2206 420 2258 eampum
430 2189 579 2241 horrentem
590 2189 681 2242 fractis
692 2190 822 2242 invertere
833 2189 929 2256 glebis:

247 2258 340 2311 Cetera
350 2263 497 2327 pascuntur
508 2258 604 2311 virides
615 2264 734 2311 armenta
745 2275 792 2326 per
802 2257 903 2310 herbas.

247 2325 286 2379 Tu
299 2344 365 2395 quos
377 2327 412 2379 ad
424 2326 541 2379 studium
552 2333 633 2395 atque
644 2344 723 2378 usum
734 2327 857 2378 formabis
869 2332 1004 2394 agrestem,

247 2394 311 2448 Jam
323 2395 422 2448 vitulos
434 2395 544 2463 hortare,
556 2396 679 2463 viamque
691 2395 782 2447 insiste
793 2395 924 2460 domandi,

247 2463 319 2516 Dum
331 2464 423 2517 faciles
434 2464 516 2516 animi
524 2466 662 2532 juvenum,
675 2464 739 2516 dum
750 2463 853 2515 mobilis
865 2470 935 2517 setas.

247 2533 286 2585 Ac
298 2534 416 2602 primum
427 2533 501 2585 laxos
513 2533 589 2586 tenui
601 2533 633 2585 de
645 2532 744 2585 vimine
755 2531 847 2584 circlos

249 2602 350 2655 cervici
363 2601 505 2665 subnecte;
523 2602 626 2668 debinc,
637 2601 685 2653 ubi
696 2601 778 2652 libera
789 2600 857 2654 colla

248 2669 361 2724 Servitio
373 2671 510 2737 assuerim,
522 2671 584 2739 ipsis
596 2688 611 2722 e
623 2669 761 2736 torquibus
772 2675 847 2737 aptos

248 2739 268 2792 J
268 2756 354 2818 unge!
372 2756 434 2817 ares,
447 2745 475 2791 et
486 2756 548 2807 coge
557 2739 673 2809 gradum
685 2737 806 2797 conferre
815 2739 947 2814 juvencos
956 2762 973 2813 i

241 2809 330 2870 Atque
396 2808 456 2872 jem
467 2825 539 2877 sape
549 2817 616 2865 rotae
630 2812 771 2874 ducantur
784 2816 886 2877 inanes
1067 2815 1129 2868 l'tb
