2700 3242
275 314 328 365 254
509 308 538 363 P.
550 308 706 362 VIRGILII
724 307 885 361 MARONIS

276 411 346 478 Ergo
360 414 394 477 et,
407 427 487 478 quam
498 410 597 478 petitis,
606 411 702 477 juncta
713 414 753 461 est
764 408 831 460 mihi
842 408 941 461 foedere
952 408 1067 462 dextra:

276 480 312 532 Et
324 481 372 531 lux
402 497 467 530 uum
479 479 594 548 primum
605 478 681 531 terris
693 495 720 530 se
732 478 847 530 crastina
857 478 959 546 reddet,
1071 479 1121 532 170

276 497 471 600 Amfliolaesos
483 547 624 613 dimittam,
637 547 781 620 opibusque
789 546 896 613 juvabo.

278 616 383 669 Interea
395 633 468 668 sacra
479 617 544 682 haec,
556 615 660 683 quando
672 615 725 666 huc
737 615 845 666 venistis
857 614 943 681 amici,

278 686 383 752 Annua,
397 702 455 753 quse
467 685 570 737 differre
582 684 663 748 nefas,
676 683 805 735 celebrate
816 684 936 736 faventes

278 754 428 819 Nobiscum,
441 759 468 806 et
475 755 533 820 jam
544 769 616 805 nunc
629 753 757 804 sociorum
768 753 909 804 assuescite
920 752 1041 806 mensis?

315 824 381 875 Haec
392 822 439 874 ubi
451 822 528 887 dicta,
541 822 621 889 dapes
629 821 707 887 jubet
719 825 746 872 et
758 821 862 872 sublata
873 821 966 889 reponi

279 891 385 957 Pocula,
397 890 582 959 gramineoque
594 890 662 941 viros
674 889 744 940 locat
756 890 811 957 ipse
823 889 916 953 sedili;

279 959 497 1028 Praecipuumque
508 964 565 1011 toro
577 964 605 1010 et
616 958 702 1010 villosi
714 958 783 1025 pelle
794 958 876 1009 lconis

279 1029 385 1097 Accipit
396 1027 507 1093 AEnem,
520 1027 633 1094 solioque
645 1027 742 1078 invitat
754 1043 854 1078 acerno.

280 1097 348 1149 Tum
360 1097 423 1148 lecti
431 1099 541 1164 juvenes
553 1096 674 1148 certatim
687 1112 790 1162 araeque
802 1096 920 1147 sacerdos

282 1165 389 1218 Viscera
401 1170 471 1218 tosta
482 1165 573 1216 ferunt
585 1170 728 1229 taurorum,
741 1170 902 1231 onerantque
914 1163 1038 1217 canistris
1074 1166 1123 1216 180

281 1234 358 1287 Dona
371 1235 495 1286 laboratae
508 1233 613 1299 (lereris,
626 1232 813 1300 Bacchumque
824 1233 985 1286 ministrant.

283 1302 405 1355 Vescitur
416 1303 520 1368 AEneas,
533 1302 611 1354 simul
623 1307 651 1353 et
662 1300 775 1368 l¹rojana
783 1303 920 1369 juventus,

283 1371 408 1439 Perpetui
420 1376 493 1438 tergo
505 1371 586 1437 bovis,
598 1376 625 1422 et
637 1369 792 1422 lustralibus
805 1371 881 1424 extis.

318 1441 460 1508 Postquam
473 1446 577 1492 exemta
588 1440 678 1504 fames,
690 1444 718 1490 et
729 1455 803 1490 amor
814 1455 975 1507 compressus
987 1437 1089 1503 edendi,

284 1508 342 1562 Rex
353 1509 492 1561 Evandrus
504 1509 557 1561 ait:
576 1511 658 1561 “Non
671 1509 728 1561 haec
741 1509 867 1561 solemnia
878 1508 962 1572 nobis,

284 1577 340 1629 Has
353 1595 386 1629 ex
397 1594 469 1629 more
481 1577 567 1645 dapes,
579 1576 648 1629 hanc
660 1576 731 1628 tanti
742 1577 859 1628 numinis
871 1594 944 1628 aram

285 1646 361 1698 Vana
373 1645 524 1713 superstitio
535 1651 706 1712 veterumque
718 1645 811 1711 ignara
823 1645 931 1696 deorum

285 1715 430 1782 Imposuit:
449 1714 530 1780 saevis,
543 1714 636 1783 hospes
648 1715 765 1781 Trojane‚
778 1713 883 1781 periclis

285 1784 387 1835 Servati
398 1783 517 1849 facimus,
529 1784 687 1850 meritosque
699 1799 826 1834 novamus
838 1782 954 1835 honores.

285 1853 304 1904 J
306 1870 348 1904 am
360 1852 474 1921 primum
487 1853 556 1903 saxis
569 1869 722 1919 suspensam
734 1851 802 1902 hanc
814 1851 901 1918 aspice
912 1869 1023 1920 rupem:
1077 1853 1125 1903 190

285 1921 409 1988 Disjectes
422 1921 512 1988 procul
523 1926 555 1972 ut
567 1922 654 1985 moles,
667 1921 821 1986 desertaque
832 1920 929 1972 montis

286 1990 345 2042 Stat
358 1990 456 2056 domus,
469 1996 496 2042 et
508 1991 608 2058 scopuli
620 1990 754 2056 ingentem
767 1995 870 2040 traxere
881 1989 994 2043 ruinam.

286 2059 339 2111 Hic
352 2059 475 2126 spelunca
486 2060 546 2123 fuit,
559 2065 632 2110 vasto
645 2057 765 2109 submota
776 2075 884 2116 recessu,

286 2128 469 2180 Semihominis
482 2128 542 2179 Caci
554 2128 634 2179 facies
646 2144 726 2194 quam
738 2127 796 2178 dna
807 2127 921 2192 tenebat,

287 2197 353 2249 Solis
365 2197 524 2248 inaccessam
535 2197 615 2248 radiis
626 2215 632 2259 ;
651 2213 804 2263 semperque
816 2197 914 2247 recenti

288 2266 363 2317 Oaede
375 2265 481 2333 tepebat
493 2266 590 2316 humus
601 2284 607 2327 3
625 2265 776 2331 foribusque
788 2265 868 2316 affixa
880 2265 998 2332 superbis

288 2335 340 2386 Ora
352 2335 438 2386 virum
451 2335 521 2385 tristi
533 2333 684 2402 pendebant
695 2333 795 2401 pallida
807 2333 875 2385 tabo.

288 2403 360 2455 Huic
372 2409 487 2455 monstro
501 2404 635 2455 Vulcanus
648 2409 705 2454 erat
717 2407 808 2470 pater:
826 2402 898 2453 illius
910 2407 981 2454 atros

289 2472 339 2524 Ore
351 2489 457 2524 vomens
470 2473 550 2539 ignes,
562 2489 659 2538 magna
672 2472 778 2522 semele
790 2470 897 2524 ferebat.

288 2541 390 2594 Attulit
402 2547 429 2592 et
441 2542 514 2592 nobis
526 2541 668 2608 aliquando
682 2540 833 2608 optantibus
846 2547 909 2591 setas
1081 2544 1130 2592 900

288 2609 427 2660 Auxilium
439 2610 634 2677 adventumque
647 2610 695 2661 dei.
731 2610 756 2659 N
757 2627 801 2660 am
812 2609 944 2660 maximus
956 2608 1035 2676 ultor,

284 2678 435 2748 Tergemini
449 2696 512 2734 nece
525 2680 650 2749 Geryones
664 2678 803 2746 spoliisque
816 2678 950 2745 superbus,

271 2750 388 2806 Alcides
399 2753 505 2821 aderat,
520 2759 665 2821 taurosque
673 2749 730 2802 'nae
738 2749 822 2800 uictor
831 2747 926 2811 ageses

263 2822 426 2896 Ingentem
449 2828 612 2901 vallemque
621 2823 709 2878 boues
720 2830 877 2879 amnemque
886 2811 1022 2860 assessus„
1122 2860 1124 2865 ,
