<?xml version="1.0" encoding="UTF-8"?>
<!DOCTYPE html PUBLIC "-//W3C//DTD XHTML 1.0 Transitional//EN"
    "http://www.w3.org/TR/xhtml1/DTD/xhtml1-transitional.dtd">
<html xmlns="http://www.w3.org/1999/xhtml" xml:lang="en" lang="en">
 <head>
  <title>
</title>
<meta http-equiv="Content-Type" content="text/html;charset=utf-8" />
  <meta name='ocr-system' content='tesseract 3.04.00' />
  <meta name='ocr-capabilities' content='ocr_page ocr_carea ocr_par ocr_line ocrx_word'/>
</head>
<body>
  <div class='ocr_page' id='page_1' title='image "./operaomnia00virggoog/operaomnia00virggoog_0059.png"; bbox 0 0 2700 3242; ppageno 0'>
   <div class='ocr_carea' id='block_1_1' title="bbox 513 307 1101 367">
    <p class='ocr_par' dir='ltr' id='par_1_1' title="bbox 513 307 1101 367">
     <span class='ocr_line' id='line_1_1' title="bbox 513 307 1101 367; baseline 0.009 -6"><span class='ocrx_word' id='word_1_1' title='bbox 513 307 716 362; x_wconf 83' lang='lat' dir='ltr'>GEORGIOON</span> <span class='ocrx_word' id='word_1_2' title='bbox 733 309 800 362; x_wconf 75' lang='grc' dir='ltr'><strong>ΜΒ.</strong></span> <span class='ocrx_word' id='word_1_3' title='bbox 818 309 855 362; x_wconf 92' lang='lat' dir='ltr'><strong>II.</strong></span> <span class='ocrx_word' id='word_1_4' title='bbox 1073 316 1101 367; x_wconf 85' lang='lat'><strong>51</strong></span> 
     </span>
    </p>
   </div>
   <div class='ocr_carea' id='block_1_2' title="bbox 241 394 1105 549">
    <p class='ocr_par' dir='ltr' id='par_1_2' title="bbox 241 394 1105 549">
     <span class='ocr_line' id='line_1_2' title="bbox 241 394 909 478; baseline 0.001 -16"><span class='ocrx_word' id='word_1_5' title='bbox 241 435 243 439; x_wconf 50' lang='lat'>&lt;</span> <span class='ocrx_word' id='word_1_6' title='bbox 260 394 336 462; x_wconf 70' lang='lat' dir='ltr'><strong>nisi</strong></span> <span class='ocrx_word' id='word_1_7' title='bbox 346 409 418 462; x_wconf 73' lang='lat' dir='ltr'><strong>enim</strong></span> <span class='ocrx_word' id='word_1_8' title='bbox 430 408 553 462; x_wconf 67' lang='lat' dir='ltr'><strong>nussim</strong></span> <span class='ocrx_word' id='word_1_9' title='bbox 565 426 647 477; x_wconf 68' lang='lat' dir='ltr'><strong>aquas,</strong></span> <span class='ocrx_word' id='word_1_10' title='bbox 660 410 799 478; x_wconf 50' lang='lat' dir='ltr'><strong>sinuque</strong></span> <span class='ocrx_word' id='word_1_11' title='bbox 811 409 909 463; x_wconf 67' lang='lat' dir='ltr'><strong>subibit</strong></span> 
     </span>
     <span class='ocr_line' id='line_1_3' title="bbox 259 478 1105 549; baseline 0.005 -19"><span class='ocrx_word' id='word_1_12' title='bbox 259 478 377 545; x_wconf 78' lang='lat' dir='ltr'><strong>Halitus,</strong></span> <span class='ocrx_word' id='word_1_13' title='bbox 389 484 469 546; x_wconf 80' lang='lat' dir='ltr'><strong>etque</strong></span> <span class='ocrx_word' id='word_1_14' title='bbox 482 479 582 530; x_wconf 79' lang='lat' dir='ltr'><strong>animos</strong></span> <span class='ocrx_word' id='word_1_15' title='bbox 594 478 689 530; x_wconf 88' lang='lat' dir='ltr'><strong>tollent</strong></span> <span class='ocrx_word' id='word_1_16' title='bbox 700 485 764 530; x_wconf 72' lang='lat' dir='ltr'><strong>ectu</strong></span> <span class='ocrx_word' id='word_1_17' title='bbox 799 479 914 546; x_wconf 76' lang='lat' dir='ltr'><strong>Jamque</strong></span> <span class='ocrx_word' id='word_1_18' title='bbox 925 481 1029 549; x_wconf 83' lang='lat' dir='ltr'><strong>reperti,</strong></span> <span class='ocrx_word' id='word_1_19' title='bbox 1053 486 1105 534; x_wconf 78' lang='lat'><strong>350</strong></span> 
     </span>
    </p>
   </div>
   <div class='ocr_carea' id='block_1_3' title="bbox 246 546 1104 2914">
    <p class='ocr_par' dir='ltr' id='par_1_3' title="bbox 246 546 1104 2914">
     <span class='ocr_line' id='line_1_4' title="bbox 259 546 907 616; baseline 0.002 -16"><span class='ocrx_word' id='word_1_20' title='bbox 259 548 312 611; x_wconf 84' lang='lat' dir='ltr'><strong>Qui</strong></span> <span class='ocrx_word' id='word_1_21' title='bbox 324 564 387 600; x_wconf 77' lang='lat' dir='ltr'><strong>sexo</strong></span> <span class='ocrx_word' id='word_1_22' title='bbox 399 565 478 616; x_wconf 84' lang='lat' dir='ltr'><strong>super</strong></span> <span class='ocrx_word' id='word_1_23' title='bbox 489 553 569 614; x_wconf 81' lang='lat' dir='ltr'><strong>etque</strong></span> <span class='ocrx_word' id='word_1_24' title='bbox 580 546 696 614; x_wconf 82' lang='lat' dir='ltr'><strong>ingentis</strong></span> <span class='ocrx_word' id='word_1_25' title='bbox 707 548 820 615; x_wconf 82' lang='lat' dir='ltr'><strong>pondere</strong></span> <span class='ocrx_word' id='word_1_26' title='bbox 831 554 907 601; x_wconf 64' lang='lat' dir='ltr'><strong>teste</strong></span> 
     </span>
     <span class='ocr_line' id='line_1_5' title="bbox 258 616 899 684; baseline 0.002 -16"><span class='ocrx_word' id='word_1_27' title='bbox 258 616 390 684; x_wconf 82' lang='lat' dir='ltr'><strong>Urgerent</strong></span> <span class='ocrx_word' id='word_1_28' title='bbox 401 634 407 668; x_wconf 90' lang='lat'>:</span> <span class='ocrx_word' id='word_1_29' title='bbox 425 616 475 669; x_wconf 90' lang='lat' dir='ltr'><strong>hoc</strong></span> <span class='ocrx_word' id='word_1_30' title='bbox 487 616 581 668; x_wconf 85' lang='lat' dir='ltr'><strong>effusos</strong></span> <span class='ocrx_word' id='word_1_31' title='bbox 592 617 729 668; x_wconf 90' lang='lat' dir='ltr'><strong>munimen</strong></span> <span class='ocrx_word' id='word_1_32' title='bbox 740 617 775 668; x_wconf 80' lang='lat' dir='ltr'><strong>ud</strong></span> <span class='ocrx_word' id='word_1_33' title='bbox 787 616 882 669; x_wconf 85' lang='lat' dir='ltr'><strong>imbres</strong></span> <span class='ocrx_word' id='word_1_34' title='bbox 891 636 899 681; x_wconf 92' lang='lat'>;</span> 
     </span>
     <span class='ocr_line' id='line_1_6' title="bbox 258 683 914 751; baseline -0.003 -14"><span class='ocrx_word' id='word_1_35' title='bbox 258 684 324 751; x_wconf 90' lang='lat' dir='ltr'><strong>Hoc,</strong></span> <span class='ocrx_word' id='word_1_36' title='bbox 337 686 384 738; x_wconf 90' lang='lat' dir='ltr'><strong>ubi</strong></span> <span class='ocrx_word' id='word_1_37' title='bbox 395 685 487 737; x_wconf 81' lang='lat' dir='ltr'><strong>hiules</strong></span> <span class='ocrx_word' id='word_1_38' title='bbox 498 685 543 737; x_wconf 88' lang='lat' dir='ltr'><strong>siti</strong></span> <span class='ocrx_word' id='word_1_39' title='bbox 554 685 633 737; x_wconf 84' lang='lat' dir='ltr'><strong>findit</strong></span> <span class='ocrx_word' id='word_1_40' title='bbox 646 683 724 737; x_wconf 77' lang='lat' dir='ltr'><strong>Oanis</strong></span> <span class='ocrx_word' id='word_1_41' title='bbox 736 685 833 737; x_wconf 79' lang='lat' dir='ltr'><strong>aestifer</strong></span> <span class='ocrx_word' id='word_1_42' title='bbox 844 700 914 736; x_wconf 79' lang='lat' dir='ltr'><strong>arus.</strong></span> 
     </span>
     <span class='ocr_line' id='line_1_7' title="bbox 293 754 936 822; baseline 0.002 -15"><span class='ocrx_word' id='word_1_43' title='bbox 293 754 443 808; x_wconf 74' lang='lat' dir='ltr'>Seminibus</span> <span class='ocrx_word' id='word_1_44' title='bbox 456 754 555 822; x_wconf 82' lang='lat' dir='ltr'><strong>positis,</strong></span> <span class='ocrx_word' id='word_1_45' title='bbox 568 760 686 822; x_wconf 83' lang='lat' dir='ltr'><strong>superest</strong></span> <span class='ocrx_word' id='word_1_46' title='bbox 697 754 827 806; x_wconf 84' lang='lat' dir='ltr'><strong>deducere</strong></span> <span class='ocrx_word' id='word_1_47' title='bbox 838 759 936 808; x_wconf 69' lang='lat' dir='ltr'><strong>tenum</strong></span> 
     </span>
     <span class='ocr_line' id='line_1_8' title="bbox 258 822 887 892; baseline -0.005 -16"><span class='ocrx_word' id='word_1_48' title='bbox 258 822 361 892; x_wconf 79' lang='lat' dir='ltr'><strong>Soepius</strong></span> <span class='ocrx_word' id='word_1_49' title='bbox 373 823 408 875; x_wconf 82' lang='lat' dir='ltr'><strong>cd</strong></span> <span class='ocrx_word' id='word_1_50' title='bbox 420 823 510 892; x_wconf 74' lang='lat' dir='ltr'><strong>capite</strong></span> <span class='ocrx_word' id='word_1_51' title='bbox 522 829 549 875; x_wconf 86' lang='lat' dir='ltr'><strong>et</strong></span> <span class='ocrx_word' id='word_1_52' title='bbox 560 824 639 875; x_wconf 82' lang='lat' dir='ltr'><strong>duros</strong></span> <span class='ocrx_word' id='word_1_53' title='bbox 646 825 749 891; x_wconf 74' lang='lat' dir='ltr'><strong>jactare</strong></span> <span class='ocrx_word' id='word_1_54' title='bbox 761 823 887 888; x_wconf 84' lang='lat' dir='ltr'><strong>bidentes,</strong></span> 
     </span>
     <span class='ocr_line' id='line_1_9' title="bbox 258 890 936 961; baseline 0.004 -18"><span class='ocrx_word' id='word_1_55' title='bbox 258 891 315 945; x_wconf 84' lang='lat' dir='ltr'><strong>Aut</strong></span> <span class='ocrx_word' id='word_1_56' title='bbox 326 909 415 960; x_wconf 87' lang='lat' dir='ltr'><strong>presso</strong></span> <span class='ocrx_word' id='word_1_57' title='bbox 426 909 547 944; x_wconf 83' lang='lat' dir='ltr'><strong>exercere</strong></span> <span class='ocrx_word' id='word_1_58' title='bbox 559 891 643 944; x_wconf 87' lang='lat' dir='ltr'><strong>solum</strong></span> <span class='ocrx_word' id='word_1_59' title='bbox 655 890 705 942; x_wconf 84' lang='lat' dir='ltr'><strong>sub</strong></span> <span class='ocrx_word' id='word_1_60' title='bbox 716 908 826 957; x_wconf 79' lang='lat' dir='ltr'><strong>vomere,</strong></span> <span class='ocrx_word' id='word_1_61' title='bbox 839 898 866 944; x_wconf 88' lang='lat' dir='ltr'><strong>et</strong></span> <span class='ocrx_word' id='word_1_62' title='bbox 877 893 936 961; x_wconf 80' lang='lat' dir='ltr'><strong>ipss</strong></span> 
     </span>
     <span class='ocr_line' id='line_1_10' title="bbox 259 960 860 1028; baseline 0.002 -15"><span class='ocrx_word' id='word_1_63' title='bbox 259 960 379 1014; x_wconf 78' lang='lat' dir='ltr'>Flectere</span> <span class='ocrx_word' id='word_1_64' title='bbox 390 961 524 1013; x_wconf 78' lang='lat' dir='ltr'><strong>luctantes</strong></span> <span class='ocrx_word' id='word_1_65' title='bbox 536 960 606 1012; x_wconf 91' lang='lat' dir='ltr'><strong>inter</strong></span> <span class='ocrx_word' id='word_1_66' title='bbox 618 961 709 1012; x_wconf 73' lang='lat' dir='ltr'><strong>vineta</strong></span> <span class='ocrx_word' id='word_1_67' title='bbox 717 963 860 1028; x_wconf 83' lang='lat' dir='ltr'><strong>juvencos:</strong></span> 
     </span>
     <span class='ocr_line' id='line_1_11' title="bbox 258 1029 869 1097; baseline -0.002 -15"><span class='ocrx_word' id='word_1_68' title='bbox 258 1029 326 1082; x_wconf 73' lang='lat' dir='ltr'><strong>Tum</strong></span> <span class='ocrx_word' id='word_1_69' title='bbox 338 1031 409 1083; x_wconf 85' lang='lat' dir='ltr'><strong>leves</strong></span> <span class='ocrx_word' id='word_1_70' title='bbox 421 1030 542 1095; x_wconf 68' lang='lat' dir='ltr'><strong>calamos,</strong></span> <span class='ocrx_word' id='word_1_71' title='bbox 554 1035 582 1082; x_wconf 88' lang='lat' dir='ltr'><strong>ct</strong></span> <span class='ocrx_word' id='word_1_72' title='bbox 592 1045 657 1081; x_wconf 78' lang='lat' dir='ltr'><strong>resse</strong></span> <span class='ocrx_word' id='word_1_73' title='bbox 669 1029 777 1082; x_wconf 71' lang='lat' dir='ltr'><strong>hastilis</strong></span> <span class='ocrx_word' id='word_1_74' title='bbox 789 1030 869 1097; x_wconf 81' lang='lat' dir='ltr'><strong>virgae</strong></span> 
     </span>
     <span class='ocr_line' id='line_1_12' title="bbox 258 1098 955 1167; baseline 0.001 -16"><span class='ocrx_word' id='word_1_75' title='bbox 258 1099 456 1167; x_wconf 72' lang='lat' dir='ltr'><strong>Fraxineesque</strong></span> <span class='ocrx_word' id='word_1_76' title='bbox 467 1105 559 1167; x_wconf 82' lang='lat' dir='ltr'><strong>sptsre</strong></span> <span class='ocrx_word' id='word_1_77' title='bbox 571 1099 648 1150; x_wconf 84' lang='lat' dir='ltr'><strong>sudes</strong></span> <span class='ocrx_word' id='word_1_78' title='bbox 659 1098 799 1166; x_wconf 72' lang='lat' dir='ltr'><strong>furcasque</strong></span> <span class='ocrx_word' id='word_1_79' title='bbox 811 1098 955 1156; x_wconf 78' lang='lat' dir='ltr'><strong>bicornes&#39;‚</strong></span> 
     </span>
     <span class='ocr_line' id='line_1_13' title="bbox 259 1167 1104 1236; baseline -0.001 -16"><span class='ocrx_word' id='word_1_80' title='bbox 259 1167 367 1220; x_wconf 86' lang='lat' dir='ltr'><strong>Viribus</strong></span> <span class='ocrx_word' id='word_1_81' title='bbox 378 1167 445 1220; x_wconf 84' lang='lat' dir='ltr'><strong>eniti</strong></span> <span class='ocrx_word' id='word_1_82' title='bbox 456 1184 576 1236; x_wconf 76' lang='lat' dir='ltr'><strong>quarum,</strong></span> <span class='ocrx_word' id='word_1_83' title='bbox 588 1172 616 1220; x_wconf 86' lang='lat' dir='ltr'><strong>et</strong></span> <span class='ocrx_word' id='word_1_84' title='bbox 627 1173 794 1219; x_wconf 83' lang='lat' dir='ltr'><strong>contemnere</strong></span> <span class='ocrx_word' id='word_1_85' title='bbox 805 1175 897 1220; x_wconf 83' lang='lat' dir='ltr'><strong>ventos</strong></span> <span class='ocrx_word' id='word_1_86' title='bbox 1051 1171 1104 1221; x_wconf 77' lang='grc'><strong>360</strong></span> 
     </span>
     <span class='ocr_line' id='line_1_14' title="bbox 258 1235 986 1304; baseline -0.001 -14"><span class='ocrx_word' id='word_1_87' title='bbox 258 1237 426 1303; x_wconf 80' lang='lat' dir='ltr'><strong>Assueccsnt,</strong></span> <span class='ocrx_word' id='word_1_88' title='bbox 439 1253 604 1304; x_wconf 73' lang='lat' dir='ltr'><strong>summusque</strong></span> <span class='ocrx_word' id='word_1_89' title='bbox 616 1236 691 1304; x_wconf 86' lang='lat' dir='ltr'><strong>sequi</strong></span> <span class='ocrx_word' id='word_1_90' title='bbox 704 1235 824 1288; x_wconf 74' lang='lat' dir='ltr'><strong>tabulate</strong></span> <span class='ocrx_word' id='word_1_91' title='bbox 894 1236 986 1289; x_wconf 88' lang='lat' dir='ltr'><strong>ulmos.</strong></span> 
     </span>
     <span class='ocr_line' id='line_1_15' title="bbox 292 1305 970 1374; baseline -0.003 -16"><span class='ocrx_word' id='word_1_92' title='bbox 292 1307 340 1373; x_wconf 82' lang='lat' dir='ltr'><strong>Ac,</strong></span> <span class='ocrx_word' id='word_1_93' title='bbox 353 1306 418 1358; x_wconf 86' lang='lat' dir='ltr'><strong>dum</strong></span> <span class='ocrx_word' id='word_1_94' title='bbox 429 1306 516 1374; x_wconf 79' lang='lat' dir='ltr'><strong>prims</strong></span> <span class='ocrx_word' id='word_1_95' title='bbox 526 1306 601 1357; x_wconf 84' lang='lat' dir='ltr'><strong>novis</strong></span> <span class='ocrx_word' id='word_1_96' title='bbox 613 1305 739 1357; x_wconf 72' lang='lat' dir='ltr'><strong>adolescit</strong></span> <span class='ocrx_word' id='word_1_97' title='bbox 750 1305 838 1358; x_wconf 83' lang='lat' dir='ltr'><strong>frondi</strong></span> <span class='ocrx_word' id='word_1_98' title='bbox 855 1323 887 1356; x_wconf 88' lang='lat' dir='ltr'><strong>us</strong></span> <span class='ocrx_word' id='word_1_99' title='bbox 898 1313 970 1372; x_wconf 85' lang='lat' dir='ltr'><strong>setus,</strong></span> 
     </span>
     <span class='ocr_line' id='line_1_16' title="bbox 257 1373 944 1441; baseline -0.001 -14"><span class='ocrx_word' id='word_1_100' title='bbox 257 1375 425 1429; x_wconf 78' lang='lat' dir='ltr'><strong>Parcendum</strong></span> <span class='ocrx_word' id='word_1_101' title='bbox 436 1374 533 1427; x_wconf 87' lang='lat' dir='ltr'><strong>teneris</strong></span> <span class='ocrx_word' id='word_1_102' title='bbox 543 1393 550 1437; x_wconf 92' lang='lat'>;</span> <span class='ocrx_word' id='word_1_103' title='bbox 568 1381 602 1441; x_wconf 81' lang='lat' dir='ltr'><strong>et,</strong></span> <span class='ocrx_word' id='word_1_104' title='bbox 615 1374 680 1426; x_wconf 88' lang='lat' dir='ltr'><strong>dum</strong></span> <span class='ocrx_word' id='word_1_105' title='bbox 691 1391 719 1426; x_wconf 86' lang='lat' dir='ltr'><strong>se</strong></span> <span class='ocrx_word' id='word_1_106' title='bbox 731 1373 809 1426; x_wconf 83' lang='lat' dir='ltr'><strong>lsetus</strong></span> <span class='ocrx_word' id='word_1_107' title='bbox 820 1374 855 1426; x_wconf 83' lang='lat' dir='ltr'><strong>ed</strong></span> <span class='ocrx_word' id='word_1_108' title='bbox 866 1391 944 1426; x_wconf 79' lang='lat' dir='ltr'><strong>eurus</strong></span> 
     </span>
     <span class='ocr_line' id='line_1_17' title="bbox 259 1441 958 1512; baseline -0.001 -16"><span class='ocrx_word' id='word_1_109' title='bbox 259 1444 363 1497; x_wconf 81' lang='lat' dir='ltr'><strong>Pslmes</strong></span> <span class='ocrx_word' id='word_1_110' title='bbox 375 1444 440 1512; x_wconf 73' lang='lat' dir='ltr'><strong>egit,</strong></span> <span class='ocrx_word' id='word_1_111' title='bbox 452 1443 520 1496; x_wconf 79' lang='lat' dir='ltr'><strong>lexis</strong></span> <span class='ocrx_word' id='word_1_112' title='bbox 531 1460 578 1512; x_wconf 86' lang='lat' dir='ltr'><strong>per</strong></span> <span class='ocrx_word' id='word_1_113' title='bbox 589 1460 688 1512; x_wconf 69' lang='lat' dir='ltr'><strong>putum</strong></span> <span class='ocrx_word' id='word_1_114' title='bbox 699 1443 830 1496; x_wconf 86' lang='lat' dir='ltr'><strong>immissus</strong></span> <span class='ocrx_word' id='word_1_115' title='bbox 842 1441 958 1510; x_wconf 72' lang='lat' dir='ltr'><strong>habenis,</strong></span> 
     </span>
     <span class='ocr_line' id='line_1_18' title="bbox 259 1512 901 1582; baseline -0.002 -17"><span class='ocrx_word' id='word_1_116' title='bbox 259 1513 322 1582; x_wconf 78' lang='lat' dir='ltr'><strong>ipsu</strong></span> <span class='ocrx_word' id='word_1_117' title='bbox 333 1513 390 1566; x_wconf 79' lang='lat' dir='ltr'><strong>scie</strong></span> <span class='ocrx_word' id='word_1_118' title='bbox 402 1513 520 1565; x_wconf 87' lang='lat' dir='ltr'><strong>nondum</strong></span> <span class='ocrx_word' id='word_1_119' title='bbox 530 1513 606 1565; x_wconf 80' lang='lat' dir='ltr'><strong>falcis</strong></span> <span class='ocrx_word' id='word_1_120' title='bbox 618 1513 755 1579; x_wconf 73' lang='lat' dir='ltr'><strong>tentanda,</strong></span> <span class='ocrx_word' id='word_1_121' title='bbox 768 1512 813 1564; x_wconf 84' lang='lat' dir='ltr'><strong>scd</strong></span> <span class='ocrx_word' id='word_1_122' title='bbox 825 1513 901 1565; x_wconf 90' lang='lat' dir='ltr'><strong>uncis</strong></span> 
     </span>
     <span class='ocr_line' id='line_1_19' title="bbox 259 1581 929 1651; baseline 0.001 -16"><span class='ocrx_word' id='word_1_123' title='bbox 259 1583 403 1651; x_wconf 77' lang='lat' dir='ltr'><strong>Ostpendse</strong></span> <span class='ocrx_word' id='word_1_124' title='bbox 414 1581 535 1634; x_wconf 84' lang='lat' dir='ltr'><strong>menibus</strong></span> <span class='ocrx_word' id='word_1_125' title='bbox 546 1581 660 1648; x_wconf 83' lang='lat' dir='ltr'><strong>frondes,</strong></span> <span class='ocrx_word' id='word_1_126' title='bbox 671 1581 793 1649; x_wconf 87' lang='lat' dir='ltr'><strong>interque</strong></span> <span class='ocrx_word' id='word_1_127' title='bbox 805 1581 929 1650; x_wconf 76' lang='lat' dir='ltr'><strong>legendae.</strong></span> 
     </span>
     <span class='ocr_line' id='line_1_20' title="bbox 259 1650 929 1719; baseline 0 -15"><span class='ocrx_word' id='word_1_128' title='bbox 259 1651 326 1704; x_wconf 84' lang='lat' dir='ltr'><strong>lude</strong></span> <span class='ocrx_word' id='word_1_129' title='bbox 337 1650 384 1703; x_wconf 89' lang='lat' dir='ltr'><strong>ubi</strong></span> <span class='ocrx_word' id='word_1_130' title='bbox 391 1653 450 1719; x_wconf 81' lang='lat' dir='ltr'><strong>jem</strong></span> <span class='ocrx_word' id='word_1_131' title='bbox 461 1651 555 1704; x_wconf 71' lang='lat' dir='ltr'><strong>validis</strong></span> <span class='ocrx_word' id='word_1_132' title='bbox 566 1650 696 1719; x_wconf 83' lang='lat' dir='ltr'><strong>emplexae</strong></span> <span class='ocrx_word' id='word_1_133' title='bbox 708 1668 720 1702; x_wconf 93' lang='lat' dir='ltr'><strong>s</strong></span> <span class='ocrx_word' id='word_1_134' title='bbox 736 1651 742 1662; x_wconf 86' lang='lat'>&#39;</span> <span class='ocrx_word' id='word_1_135' title='bbox 775 1650 833 1703; x_wconf 83' lang='lat' dir='ltr'><strong>ibus</strong></span> <span class='ocrx_word' id='word_1_136' title='bbox 845 1651 929 1704; x_wconf 86' lang='lat' dir='ltr'><strong>ulmos</strong></span> 
     </span>
     <span class='ocr_line' id='line_1_21' title="bbox 258 1719 978 1788; baseline 0.001 -16"><span class='ocrx_word' id='word_1_137' title='bbox 258 1719 389 1784; x_wconf 80' lang='lat' dir='ltr'><strong>Exieuint‚</strong></span> <span class='ocrx_word' id='word_1_138' title='bbox 402 1727 461 1772; x_wconf 92' lang='lat' dir='ltr'><strong>tum</strong></span> <span class='ocrx_word' id='word_1_139' title='bbox 473 1721 573 1788; x_wconf 84' lang='lat' dir='ltr'><strong>stringe</strong></span> <span class='ocrx_word' id='word_1_140' title='bbox 585 1737 679 1785; x_wconf 79' lang='lat' dir='ltr'><strong>comus,</strong></span> <span class='ocrx_word' id='word_1_141' title='bbox 692 1725 752 1771; x_wconf 86' lang='lat' dir='ltr'><strong>tum</strong></span> <span class='ocrx_word' id='word_1_142' title='bbox 779 1720 870 1772; x_wconf 68' lang='lat' dir='ltr'><strong>rachis</strong></span> <span class='ocrx_word' id='word_1_143' title='bbox 881 1721 960 1773; x_wconf 82' lang='lat' dir='ltr'><strong>tonde</strong></span> <span class='ocrx_word' id='word_1_144' title='bbox 972 1739 978 1774; x_wconf 78' lang='grc' dir='ltr'><strong><em>ε</em></strong></span> 
     </span>
     <span class='ocr_line' id='line_1_22' title="bbox 258 1788 920 1856; baseline 0.002 -15"><span class='ocrx_word' id='word_1_145' title='bbox 258 1790 329 1842; x_wconf 85' lang='lat' dir='ltr'><strong>Ante</strong></span> <span class='ocrx_word' id='word_1_146' title='bbox 341 1789 513 1842; x_wconf 78' lang='lat' dir='ltr'><strong>reformidant</strong></span> <span class='ocrx_word' id='word_1_147' title='bbox 524 1789 639 1852; x_wconf 71' lang='lat' dir='ltr'><strong>ferrum</strong></span> <span class='ocrx_word' id='word_1_148' title='bbox 657 1794 717 1841; x_wconf 89' lang='lat' dir='ltr'><strong>tum</strong></span> <span class='ocrx_word' id='word_1_149' title='bbox 729 1788 842 1856; x_wconf 87' lang='lat' dir='ltr'><strong>denique</strong></span> <span class='ocrx_word' id='word_1_150' title='bbox 854 1789 920 1842; x_wconf 78' lang='lat' dir='ltr'><strong>dura</strong></span> 
     </span>
     <span class='ocr_line' id='line_1_23' title="bbox 259 1857 1101 1926; baseline 0.005 -16"><span class='ocrx_word' id='word_1_151' title='bbox 259 1857 360 1910; x_wconf 81' lang='lat' dir='ltr'><strong>Exerce</strong></span> <span class='ocrx_word' id='word_1_152' title='bbox 371 1858 488 1926; x_wconf 82' lang='lat' dir='ltr'><strong>imperis,</strong></span> <span class='ocrx_word' id='word_1_153' title='bbox 500 1864 527 1911; x_wconf 84' lang='lat' dir='ltr'><strong>et</strong></span> <span class='ocrx_word' id='word_1_154' title='bbox 539 1874 624 1910; x_wconf 73' lang='lat' dir='ltr'><strong>munos</strong></span> <span class='ocrx_word' id='word_1_155' title='bbox 636 1875 770 1926; x_wconf 83' lang='lat' dir='ltr'><strong>compesce</strong></span> <span class='ocrx_word' id='word_1_156' title='bbox 781 1858 899 1910; x_wconf 85' lang='lat' dir='ltr'><strong>fluentes.</strong></span> <span class='ocrx_word' id='word_1_157' title='bbox 1050 1862 1101 1915; x_wconf 81' lang='lat'><strong>³70</strong></span> 
     </span>
     <span class='ocr_line' id='line_1_24' title="bbox 293 1927 990 1995; baseline 0 -16"><span class='ocrx_word' id='word_1_158' title='bbox 293 1927 431 1980; x_wconf 74' lang='lat' dir='ltr'><strong>Texendae&#39;</strong></span> <span class='ocrx_word' id='word_1_159' title='bbox 436 1944 509 1995; x_wconf 85' lang='lat' dir='ltr'><strong>sepes</strong></span> <span class='ocrx_word' id='word_1_160' title='bbox 521 1928 609 1994; x_wconf 82' lang='lat' dir='ltr'><strong>etium,</strong></span> <span class='ocrx_word' id='word_1_161' title='bbox 621 1932 648 1979; x_wconf 88' lang='lat' dir='ltr'><strong>et</strong></span> <span class='ocrx_word' id='word_1_162' title='bbox 659 1944 740 1994; x_wconf 85' lang='lat' dir='ltr'><strong>pecus</strong></span> <span class='ocrx_word' id='word_1_163' title='bbox 752 1944 828 1980; x_wconf 89' lang='lat' dir='ltr'><strong>omne</strong></span> <span class='ocrx_word' id='word_1_164' title='bbox 839 1928 990 1993; x_wconf 84' lang='lat' dir='ltr'><strong>tenendum,</strong></span> 
     </span>
     <span class='ocr_line' id='line_1_25' title="bbox 258 1995 1019 2064; baseline 0.001 -16"><span class='ocrx_word' id='word_1_165' title='bbox 258 1995 396 2064; x_wconf 71' lang='lat' dir='ltr'><strong>Praecipue</strong></span> <span class='ocrx_word' id='word_1_166' title='bbox 408 1997 472 2048; x_wconf 87' lang='lat' dir='ltr'><strong>dum</strong></span> <span class='ocrx_word' id='word_1_167' title='bbox 483 1997 556 2048; x_wconf 82' lang='lat' dir='ltr'><strong>frons</strong></span> <span class='ocrx_word' id='word_1_168' title='bbox 568 2002 659 2048; x_wconf 76' lang='lat' dir='ltr'><strong>tenera</strong></span> <span class='ocrx_word' id='word_1_169' title='bbox 669 1996 873 2064; x_wconf 85' lang='lat' dir='ltr'><strong>imprudensque</strong></span> <span class='ocrx_word' id='word_1_170' title='bbox 886 1996 1019 2050; x_wconf 80' lang='lat' dir='ltr'><strong>lcbosum:</strong></span> 
     </span>
     <span class='ocr_line' id='line_1_26' title="bbox 259 2064 950 2134; baseline 0 -16"><span class='ocrx_word' id='word_1_171' title='bbox 259 2066 315 2133; x_wconf 56' lang='lat' dir='ltr'><strong>tui</strong></span> <span class='ocrx_word' id='word_1_172' title='bbox 328 2082 406 2134; x_wconf 85' lang='lat' dir='ltr'><strong>super</strong></span> <span class='ocrx_word' id='word_1_173' title='bbox 417 2066 541 2133; x_wconf 78' lang='lat' dir='ltr'><strong>indignes</strong></span> <span class='ocrx_word' id='word_1_174' title='bbox 552 2064 651 2116; x_wconf 86' lang='lat' dir='ltr'><strong>hiemes</strong></span> <span class='ocrx_word' id='word_1_175' title='bbox 663 2065 796 2134; x_wconf 82' lang='lat' dir='ltr'><strong>solemque</strong></span> <span class='ocrx_word' id='word_1_176' title='bbox 807 2071 950 2133; x_wconf 84' lang='lat' dir='ltr'><strong>potentem,</strong></span> 
     </span>
     <span class='ocr_line' id='line_1_27' title="bbox 258 2134 862 2203; baseline 0 -16"><span class='ocrx_word' id='word_1_177' title='bbox 258 2134 395 2188; x_wconf 73' lang='lat' dir='ltr'><strong>silvestres</strong></span> <span class='ocrx_word' id='word_1_178' title='bbox 406 2135 448 2187; x_wconf 92' lang='lat' dir='ltr'><strong>uri</strong></span> <span class='ocrx_word' id='word_1_179' title='bbox 460 2135 564 2187; x_wconf 69' lang='lat' dir='ltr'><strong>nudus</strong></span> <span class='ocrx_word' id='word_1_180' title='bbox 576 2151 728 2203; x_wconf 80' lang='lat' dir='ltr'><strong>cepreaeque</strong></span> <span class='ocrx_word' id='word_1_181' title='bbox 740 2151 862 2202; x_wconf 75' lang='lat' dir='ltr'><strong>sequaces</strong></span> 
     </span>
     <span class='ocr_line' id='line_1_28' title="bbox 259 2204 904 2272; baseline 0.002 -16"><span class='ocrx_word' id='word_1_182' title='bbox 259 2204 389 2270; x_wconf 86' lang='lat' dir='ltr'><strong>Iliudunt,</strong></span> <span class='ocrx_word' id='word_1_183' title='bbox 401 2209 547 2272; x_wconf 77' lang='lat' dir='ltr'><strong>pascuntur</strong></span> <span class='ocrx_word' id='word_1_184' title='bbox 558 2220 618 2256; x_wconf 83' lang='lat' dir='ltr'><strong>oves</strong></span> <span class='ocrx_word' id='word_1_185' title='bbox 629 2205 766 2272; x_wconf 80' lang='lat' dir='ltr'><strong>cvidaeque</strong></span> <span class='ocrx_word' id='word_1_186' title='bbox 774 2206 904 2271; x_wconf 79' lang='lat' dir='ltr'><strong>juvencus.</strong></span> 
     </span>
     <span class='ocr_line' id='line_1_29' title="bbox 257 2272 869 2341; baseline 0 -16"><span class='ocrx_word' id='word_1_187' title='bbox 257 2272 368 2341; x_wconf 73' lang='lat' dir='ltr'><strong>Frigora</strong></span> <span class='ocrx_word' id='word_1_188' title='bbox 378 2289 427 2325; x_wconf 85' lang='lat' dir='ltr'><strong>nec</strong></span> <span class='ocrx_word' id='word_1_189' title='bbox 438 2279 545 2325; x_wconf 76' lang='lat' dir='ltr'><strong>tentum</strong></span> <span class='ocrx_word' id='word_1_190' title='bbox 556 2289 622 2325; x_wconf 77' lang='lat' dir='ltr'><strong>cens</strong></span> <span class='ocrx_word' id='word_1_191' title='bbox 634 2279 755 2325; x_wconf 79' lang='lat' dir='ltr'><strong>concreta</strong></span> <span class='ocrx_word' id='word_1_192' title='bbox 766 2273 869 2341; x_wconf 78' lang='lat' dir='ltr'><strong>pruina,</strong></span> 
     </span>
     <span class='ocr_line' id='line_1_30' title="bbox 257 2340 945 2410; baseline -0.003 -17"><span class='ocrx_word' id='word_1_193' title='bbox 257 2343 314 2395; x_wconf 86' lang='lat' dir='ltr'><strong>Aut</strong></span> <span class='ocrx_word' id='word_1_194' title='bbox 324 2342 413 2410; x_wconf 65' lang='lat' dir='ltr'><strong>grans</strong></span> <span class='ocrx_word' id='word_1_195' title='bbox 424 2341 577 2394; x_wconf 76' lang='lat' dir='ltr'><strong>incumbens</strong></span> <span class='ocrx_word' id='word_1_196' title='bbox 589 2342 702 2410; x_wconf 82' lang='lat' dir='ltr'><strong>scopulis</strong></span> <span class='ocrx_word' id='word_1_197' title='bbox 714 2340 848 2394; x_wconf 81' lang='lat' dir='ltr'><strong>urentibus</strong></span> <span class='ocrx_word' id='word_1_198' title='bbox 861 2347 945 2405; x_wconf 72' lang='lat' dir='ltr'><strong>aestas,</strong></span> 
     </span>
     <span class='ocr_line' id='line_1_31' title="bbox 258 2411 948 2478; baseline -0.003 -15"><span class='ocrx_word' id='word_1_199' title='bbox 258 2411 395 2475; x_wconf 69' lang='lat' dir='ltr'><strong>Quantum</strong></span> <span class='ocrx_word' id='word_1_200' title='bbox 407 2411 447 2463; x_wconf 89' lang='lat' dir='ltr'><strong>illi</strong></span> <span class='ocrx_word' id='word_1_201' title='bbox 459 2428 571 2463; x_wconf 85' lang='lat' dir='ltr'><strong>nocuere</strong></span> <span class='ocrx_word' id='word_1_202' title='bbox 582 2428 681 2478; x_wconf 81' lang='lat' dir='ltr'><strong>greges,</strong></span> <span class='ocrx_word' id='word_1_203' title='bbox 693 2412 805 2476; x_wconf 83' lang='lat' dir='ltr'><strong>durique</strong></span> <span class='ocrx_word' id='word_1_204' title='bbox 817 2427 948 2462; x_wconf 83' lang='lat' dir='ltr'><strong>venenum</strong></span> 
     </span>
     <span class='ocr_line' id='line_1_32' title="bbox 257 2479 908 2548; baseline -0.003 -16"><span class='ocrx_word' id='word_1_205' title='bbox 257 2479 359 2546; x_wconf 83' lang='lat' dir='ltr'><strong>Dentis,</strong></span> <span class='ocrx_word' id='word_1_206' title='bbox 372 2487 399 2532; x_wconf 91' lang='lat' dir='ltr'><strong>et</strong></span> <span class='ocrx_word' id='word_1_207' title='bbox 410 2480 529 2532; x_wconf 77' lang='lat' dir='ltr'><strong>admorso</strong></span> <span class='ocrx_word' id='word_1_208' title='bbox 541 2480 646 2547; x_wconf 80' lang='lat' dir='ltr'><strong>signate</strong></span> <span class='ocrx_word' id='word_1_209' title='bbox 657 2481 686 2531; x_wconf 91' lang='lat' dir='ltr'><strong>in</strong></span> <span class='ocrx_word' id='word_1_210' title='bbox 699 2481 779 2548; x_wconf 83' lang='lat' dir='ltr'><strong>stirpe</strong></span> <span class='ocrx_word' id='word_1_211' title='bbox 791 2482 908 2533; x_wconf 82' lang='lat' dir='ltr'><strong>cicctnx.</strong></span> 
     </span>
     <span class='ocr_line' id='line_1_33' title="bbox 257 2548 1099 2617; baseline 0.001 -16"><span class='ocrx_word' id='word_1_212' title='bbox 257 2549 316 2601; x_wconf 88' lang='lat' dir='ltr'><strong>Non</strong></span> <span class='ocrx_word' id='word_1_213' title='bbox 328 2549 410 2602; x_wconf 81' lang='lat' dir='ltr'><strong>ulium</strong></span> <span class='ocrx_word' id='word_1_214' title='bbox 422 2548 455 2601; x_wconf 88' lang='lat' dir='ltr'><strong>ob</strong></span> <span class='ocrx_word' id='word_1_215' title='bbox 465 2549 572 2617; x_wconf 80' lang='lat' dir='ltr'><strong>culpam</strong></span> <span class='ocrx_word' id='word_1_216' title='bbox 584 2549 689 2601; x_wconf 75' lang='lat' dir='ltr'><strong>Baccho</strong></span> <span class='ocrx_word' id='word_1_217' title='bbox 701 2567 778 2617; x_wconf 81' lang='lat' dir='ltr'><strong>cuper</strong></span> <span class='ocrx_word' id='word_1_218' title='bbox 790 2549 910 2601; x_wconf 80' lang='lat' dir='ltr'><strong>omnibus</strong></span> <span class='ocrx_word' id='word_1_219' title='bbox 923 2550 974 2600; x_wconf 80' lang='lat' dir='ltr'><strong>aris</strong></span> <span class='ocrx_word' id='word_1_220' title='bbox 1049 2552 1099 2602; x_wconf 62' lang='lat'><strong>:390</strong></span> 
     </span>
     <span class='ocr_line' id='line_1_34' title="bbox 258 2618 860 2685; baseline -0.003 -15"><span class='ocrx_word' id='word_1_221' title='bbox 258 2618 380 2684; x_wconf 83' lang='lat' dir='ltr'><strong>Caeditur,</strong></span> <span class='ocrx_word' id='word_1_222' title='bbox 393 2625 420 2670; x_wconf 86' lang='lat' dir='ltr'><strong>ct</strong></span> <span class='ocrx_word' id='word_1_223' title='bbox 433 2624 532 2669; x_wconf 85' lang='lat' dir='ltr'><strong>veteres</strong></span> <span class='ocrx_word' id='word_1_224' title='bbox 544 2619 638 2670; x_wconf 87' lang='lat' dir='ltr'><strong>ineunt</strong></span> <span class='ocrx_word' id='word_1_225' title='bbox 650 2618 785 2685; x_wconf 77' lang='lat' dir='ltr'><strong>proscenia</strong></span> <span class='ocrx_word' id='word_1_226' title='bbox 796 2618 860 2683; x_wconf 84' lang='lat' dir='ltr'><strong>ludi,</strong></span> 
     </span>
     <span class='ocr_line' id='line_1_35' title="bbox 257 2686 912 2756; baseline -0.005 -16"><span class='ocrx_word' id='word_1_227' title='bbox 257 2687 421 2755; x_wconf 79' lang='lat' dir='ltr'><strong>Praemicque</strong></span> <span class='ocrx_word' id='word_1_228' title='bbox 432 2686 545 2754; x_wconf 80' lang='lat' dir='ltr'><strong>ingeniis</strong></span> <span class='ocrx_word' id='word_1_229' title='bbox 557 2704 637 2754; x_wconf 79' lang='lat' dir='ltr'><strong>pagos</strong></span> <span class='ocrx_word' id='word_1_230' title='bbox 649 2693 676 2738; x_wconf 90' lang='lat' dir='ltr'><strong>et</strong></span> <span class='ocrx_word' id='word_1_231' title='bbox 689 2687 803 2756; x_wconf 82' lang='lat' dir='ltr'><strong>compita</strong></span> <span class='ocrx_word' id='word_1_232' title='bbox 814 2689 912 2738; x_wconf 86' lang='lat' dir='ltr'><strong>circum</strong></span> 
     </span>
     <span class='ocr_line' id='line_1_36' title="bbox 257 2756 874 2832; baseline 0.015 -24"><span class='ocrx_word' id='word_1_233' title='bbox 257 2756 377 2810; x_wconf 74' lang='lat' dir='ltr'><strong>uhesidae</strong></span> <span class='ocrx_word' id='word_1_234' title='bbox 383 2772 495 2823; x_wconf 78' lang='lat' dir='ltr'><strong>posuere</strong></span> <span class='ocrx_word' id='word_1_235' title='bbox 501 2774 512 2816; x_wconf 86' lang='lat'><strong>,·</strong></span> <span class='ocrx_word' id='word_1_236' title='bbox 528 2762 610 2826; x_wconf 78' lang='lat' dir='ltr'><strong>atquc</strong></span> <span class='ocrx_word' id='word_1_237' title='bbox 622 2757 695 2814; x_wconf 88' lang='lat' dir='ltr'><strong>inter</strong></span> <span class='ocrx_word' id='word_1_238' title='bbox 706 2758 804 2832; x_wconf 75' lang='lat' dir='ltr'><strong>pocius.</strong></span> <span class='ocrx_word' id='word_1_239' title='bbox 813 2758 874 2817; x_wconf 67' lang='lat' dir='ltr'><strong>iusti</strong></span> 
     </span>
     <span class='ocr_line' id='line_1_37' title="bbox 246 2823 906 2914; baseline 0.026 -36"><span class='ocrx_word' id='word_1_240' title='bbox 246 2823 373 2874; x_wconf 72' lang='lat' dir='ltr'><strong>Mollibus</strong></span> <span class='ocrx_word' id='word_1_241' title='bbox 380 2823 410 2873; x_wconf 82' lang='lat'><strong>1&#39;12</strong></span> <span class='ocrx_word' id='word_1_242' title='bbox 418 2825 508 2891; x_wconf 76' lang='lat' dir='ltr'><strong>pistis</strong></span> <span class='ocrx_word' id='word_1_243' title='bbox 521 2835 619 2888; x_wconf 82' lang='lat' dir='ltr'><strong>unctos</strong></span> <span class='ocrx_word' id='word_1_244' title='bbox 631 2833 742 2894; x_wconf 72' lang='lat' dir='ltr'><strong>saluere</strong></span> <span class='ocrx_word' id='word_1_245' title='bbox 755 2856 804 2914; x_wconf 80' lang='lat' dir='ltr'><strong>per</strong></span> <span class='ocrx_word' id='word_1_246' title='bbox 816 2852 906 2895; x_wconf 75' lang='lat' dir='ltr'><strong>utres.</strong></span> 
     </span>
    </p>
   </div>
   <div class='ocr_carea' id='block_1_4' title="bbox 611 2928 745 2976">
    <p class='ocr_par' dir='ltr' id='par_1_4' title="bbox 611 2928 745 2976">
     <span class='ocr_line' id='line_1_38' title="bbox 611 2928 745 2976; baseline 0.037 -5"><span class='ocrx_word' id='word_1_247' title='bbox 611 2928 622 2952; x_wconf 74' lang='lat'><strong>⁹</strong></span> <span class='ocrx_word' id='word_1_248' title='bbox 634 2930 745 2976; x_wconf 77' lang='lat' dir='ltr'><strong>valentes</strong></span> 
     </span>
    </p>
   </div>
   <div class='ocr_carea' id='block_1_5' title="bbox 0 0 1354 3242">
    <p class='ocr_par' dir='ltr' id='par_1_5' title="bbox 0 0 1354 3242">
     <span class='ocr_line' id='line_1_39' title="bbox 0 0 1354 3242; baseline 0 0"><span class='ocrx_word' id='word_1_249' title='bbox 0 0 1354 3242; x_wconf 95' lang='lat' dir='ltr'><strong> </strong></span> 
     </span>
    </p>
   </div>
  </div>
 </body>
</html>
