2700 3242
528 310 695 364 AENEIDOS
716 310 784 363 LIB.
804 311 856 363 111.
1058 306 1115 365 137

206 466 209 477 ,
268 409 322 464 Hic
334 410 430 464 domus
441 411 534 465 AEneae
546 412 648 464 cunctis
660 411 839 463 dominabitur
851 410 910 474 oris,

206 506 208 539 ;
267 479 304 532 Et
315 482 375 533 nati
388 488 520 548 natorum,
533 491 561 533 et
573 481 619 548 qui
630 487 773 532 nascentur
784 480 818 532 ab
830 479 898 531 illis'

206 548 213 579 ⁵·
267 547 334 602 Haec
347 549 481 603 Phoebus:
499 551 636 618 mixtoque
648 550 741 616 ingens
753 556 845 601 exorta
857 547 977 600 tumultu

265 616 383 684 laetitia,
395 625 424 671 et
436 620 534 685 cuncti,
547 636 607 686 quae
619 619 672 670 sint
684 635 716 670 ea
726 619 832 682 moenia,
844 623 984 685 quaeruut3
1065 621 1115 669 100

266 685 325 750 Quo
337 686 455 739 Phoebus
467 695 543 741 vocet
556 695 671 739 errantes
685 687 826 754 jubeatque
837 686 940 739 reverti

264 753 335 807 Purn
346 757 460 822 genitor,
472 762 592 810 veterum
604 756 711 809 volvens
723 761 894 808 monumenta
906 755 1028 820 virorum,

267 820 393 886 ‘Audite
406 840 422 876 ο
433 823 568 891 proceres,'
580 823 626 889 ait,
640 825 681 877 ‘et
693 840 752 891 spes
764 824 858 875 discite
871 830 978 876 vestras.

262 885 343 940 Orata
354 888 375 940 J
376 889 432 941 ovis
443 890 534 956 magni
545 889 631 941 medio
639 890 713 956 jacet
724 890 812 941 insula
823 895 912 957 ponto,

261 955 341 1008 Mons
355 957 443 1009 Idaeus
454 957 501 1010 ubi
512 965 539 1010 et
551 958 638 1024 gentis
651 958 784 1009 cunabula
796 965 891 1009 nostrae
901 975 907 1009 :

262 1023 379 1077 (lentum
390 1025 469 1078 urbes
481 1026 603 1079 habitant
615 1044 732 1094 magnas,
745 1027 877 1078 uberrima
888 1043 976 1094 regna

261 1090 398 1146 Maximus
411 1095 483 1147 unde
494 1101 577 1164 pater,
590 1096 613 1147 si
624 1096 675 1147 rite
687 1096 780 1147 audita
791 1095 917 1162 recordor,

261 1161 379 1215 Teucrus
392 1163 516 1216 Rhoeteas
528 1165 644 1233 primum
656 1170 696 1216 est
708 1164 834 1216 advectus
846 1164 881 1217 ad
893 1181 958 1226 oras,

261 1229 426 1300 Optavitque
438 1233 525 1284 locum
536 1250 624 1301 regno.
654 1233 780 1286 Nondum
794 1234 874 1284 Ilium
886 1239 914 1285 et
925 1250 997 1284 arces

259 1298 415 1367 Pergameae
427 1307 556 1354 steterant
566 1321 573 1365 ;
592 1300 750 1355 habitabant
762 1302 876 1355 vallibus
888 1303 955 1354 imis.
1058 1306 1107 1354 110

258 1367 333 1420 Hinc
345 1376 432 1423 mater
444 1371 543 1423 cultrix
556 1371 667 1439 Cybelae,
681 1372 892 1440 Corybantiaque
905 1388 963 1437 aera,

258 1437 416 1506 Idaeumque
427 1457 520 1492 nemus
530 1459 537 1504 ;
555 1441 618 1493 hinc
631 1441 685 1492 fida
697 1441 803 1492 silentia
815 1441 901 1508 sacris,

256 1505 296 1558 Et
304 1508 395 1574 juncti
407 1525 514 1560 currum
526 1509 637 1562 domina
650 1509 753 1562 subiere
764 1510 858 1562 leones.

255 1575 330 1643 Ergo
342 1578 422 1644 agite,
434 1584 463 1630 et
475 1579 567 1630 divum
579 1579 683 1631 ducunt
695 1597 747 1646 qua
755 1581 838 1647 jussa,
851 1595 1006 1647 sequamur:

256 1642 399 1698 Placemus
412 1653 510 1714 ventos,
520 1654 547 1700 et
560 1648 656 1701 Gnosia
667 1665 750 1715 regua
762 1654 890 1717 petamus.

255 1713 315 1765 Nec
327 1712 405 1782 longo
417 1716 518 1768 distant
530 1734 609 1768 cursu
619 1736 626 1780 ;
644 1718 721 1769 modo
733 1718 842 1786 Jupiter
854 1717 930 1783 adsit,

244 1782 348 1846 ‚Tertia
359 1783 408 1836 lux
420 1785 528 1837 classem
540 1785 645 1838 Cretaeis
658 1787 734 1838 sistet
746 1786 774 1837 in
787 1787 854 1839 oris!

254 1849 302 1903 Sic
313 1852 392 1920 fatus,
405 1855 512 1906 meritos
523 1855 575 1906 aris
587 1856 715 1907 mactavit
727 1855 844 1923 honores,

253 1919 375 1973 Taurum
387 1922 519 1991 Neptuno,
532 1929 640 1976 taurum
653 1925 710 1990 tibi,
723 1925 834 1992 pulcher
846 1922 946 1992 Apollo,

252 1989 369 2057 Nigrum
381 1990 471 2044 Hiemi
483 1993 618 2061 pecudem,
631 1993 759 2061 Zephyris
771 1993 891 2045 felicibus
903 1993 997 2045 albam.
1053 1996 1102 2045 120

291 2061 307 2086 “
318 2059 402 2112 Fama
414 2060 494 2125 volat,
507 2059 613 2128 pulsum
625 2061 714 2126 regnis
728 2061 833 2112 cessisse
846 2064 963 2128 paternis

253 2123 401 2178 Idomenea
412 2125 515 2194 ducem,
527 2126 682 2193 desertaque
695 2126 773 2178 litora
786 2127 869 2178 Oretae
880 2145 887 2188 ;

253 2193 341 2245 Hoste
353 2210 447 2247 vacare
458 2195 555 2262 domos,
568 2195 694 2263 sedesque
706 2195 811 2247 adstare
822 2195 935 2247 relictas.

252 2261 413 2330 linquimus
426 2263 541 2332 Ortygia
553 2270 653 2333 portus,
666 2264 812 2332 pelagoque
824 2263 950 2329 volamus,

252 2330 468 2399 Bacchutamque
476 2333 549 2401 jugis
561 2333 664 2400 Naxon,
678 2334 841 2400 viridemque
853 2333 996 2397 Donusam,

253 2398 375 2468 Olear0n‚
387 2401 544 2470 niveamque
556 2402 649 2469 Paron,
663 2419 816 2471 sparsasque
828 2419 875 2469 per
887 2418 974 2469 aequor

252 2468 390 2537 Cycladas,
402 2476 429 2522 et
440 2470 536 2522 crebris
548 2471 660 2538 legimus
674 2473 743 2523 freta
755 2471 858 2523 concita
870 2470 954 2523 terris.

252 2537 385 2590 Nauticus
398 2541 515 2592 exoritur
528 2542 599 2593 vario
612 2541 755 2592 certamine
768 2540 883 2602 clamor;

251 2605 404 2659 Hortantur
416 2609 485 2673 socii,
500 2609 603 2661 Cretam
615 2627 777 2678 proavosque
790 2617 917 2677 petamus.

251 2674 425 2744 Prosequitur
437 2695 545 2745 surgens
558 2695 574 2730 a
585 2679 669 2747 puppi
683 2686 777 2730 ventus
790 2684 890 2744 euntes,
1051 2681 1097 2731 130

250 2743 287 2797 Et
300 2745 409 2798 tandem
420 2747 538 2814 antiquis
551 2747 676 2801 Curetum
689 2747 832 2803 allabimur
846 2747 907 2806 oris.

242 2813 316 2873 Ergo
325 2812 421 2862 avidus
429 2830 522 2867 muros
534 2822 637 2887 optata
649 2821 750 2880 molior
763 2823 853 2898 urbia,
