2700 3242
279 311 331 362 210
510 306 539 360 P.
558 306 716 360 VIRGILII
734 303 898 359 MARONIS

278 405 342 456 Dux
355 403 524 472 Anchisiade,
536 422 585 457 nee
597 422 640 457 me
652 405 717 456 deus
729 420 833 473 aequore
844 403 943 455 mersit.

278 473 401 540 Namque
412 475 601 541 gubernaclum
613 475 699 525 multa
711 475 738 526 vi
749 474 817 525 forte
829 473 973 537 revulsum,

279 543 328 594 Cui
341 544 418 594 datus
430 543 561 596 haerebam
573 549 668 610 eustos,
681 559 824 610 cursusque
835 541 966 609 regebam,

278 610 451 680 Praecipitare
463 614 534 667 traxi
546 630 656 665 meeum
693 611 779 663 Maria
791 629 884 679 aspera
892 612 962 678 juro,

277 680 304 733 N
305 699 339 733 on
351 681 437 733 ullum
449 699 496 750 pro
508 700 550 734 me
563 688 670 734 tantum
683 682 781 749 cepisse
793 682 922 746 timorem,

279 750 365 813 Quam
377 757 477 817 tuane,
491 751 603 819 spoliata
615 751 702 817 armis,
715 767 825 802 excussa
835 749 969 816 magistro,

277 818 408 872 Deficeret
419 822 502 872 tantis
514 821 590 872 navis
603 819 771 886 surgentibus
784 819 869 870 undis.

278 887 340 940 'fres
352 895 430 940 notus
442 889 564 941 hibernas
576 889 705 940 immensa
718 907 764 957 per
777 905 881 956 aequora
892 892 983 939 noctes

277 957 359 1010 Vexit
371 975 413 1009 me
425 958 556 1010 violentus
568 975 654 1026 aqua3
673 958 720 1009 vix
732 958 834 1009 lumine
846 964 940 1025 quarto

277 1023 404 1094 Prospexi
417 1026 524 1078 Italiam
536 1045 639 1078 summa
651 1028 771 1078 sublimis
783 1027 817 1079 ab
829 1027 908 1078 unda.

277 1094 412 1148 Paulatim
424 1096 555 1149 adnabam
568 1103 660 1148 terrae:
675 1098 733 1164 jam
745 1102 806 1148 tuta
817 1095 939 1148 tenebam
949 1114 956 1160 ;

276 1164 313 1216 Ni
325 1183 388 1232 gens
401 1166 514 1217 erudelis
526 1167 633 1218 madida
645 1183 706 1217 eum
718 1173 790 1217 veste
802 1171 949 1232 gravatum,

276 1232 501 1303 Prensantemque
513 1236 588 1287 uncis
600 1235 722 1287 manibus
735 1236 823 1303 capita
835 1251 927 1303 aspera
938 1235 1045 1302 montis,

276 1302 356 1356 Ferro
368 1304 514 1372 invasisset,
527 1306 696 1374 praedamque
708 1305 801 1372 ignara
813 1310 938 1372 putasset.

276 1371 355 1426 Nunc
367 1391 410 1426 me
421 1374 518 1426 duetus
531 1373 618 1442 habet,
631 1381 790 1442 versantque
802 1375 830 1425 in
843 1374 919 1425 litore
932 1375 1013 1426 venti

277 1442 354 1506 Quod
366 1449 393 1494 te
405 1461 452 1511 per
464 1445 523 1496 coeli
532 1444 683 1512 jucundum
695 1444 784 1495 lumen
797 1448 824 1494 et
836 1460 921 1505 auras,

276 1509 327 1564 Per
338 1513 484 1580 genitorem
496 1531 547 1580 oro,
560 1531 607 1582 per
620 1531 676 1581 spes
690 1513 821 1580 surgentis
834 1512 903 1564 Iuli:

276 1580 356 1649 Eripe
367 1599 410 1633 me
423 1581 471 1649 his,
484 1583 589 1648 invicte,
602 1583 680 1634 malis
691 1601 698 1646 ;
716 1589 763 1634 aut
775 1589 807 1634 tu
818 1581 885 1633 mihi
898 1587 996 1633 terram

276 1649 367 1717 Injiee‚
380 1668 494 1718 namque
506 1657 587 1720 potes,
599 1659 743 1720 portusque
755 1652 859 1718 require
872 1651 996 1714 Velinos;

275 1720 332 1771 Aut
343 1726 382 1784 tu,
396 1721 482 1788 siqua
495 1722 538 1772 via
550 1729 597 1786 est,
611 1722 632 1772 si
646 1738 726 1788 quam
738 1722 788 1773 tibi
800 1721 862 1772 diva
875 1721 990 1772 creatrix

276 1788 526 1857 Ostendit-neque
539 1791 616 1854 enim,
630 1791 713 1857 eredo,
727 1791 783 1842 sine
795 1790 903 1841 numine
916 1791 1009 1841 divum

275 1854 400 1909 Flumina
412 1864 488 1910 tanta
500 1877 577 1927 paras
590 1860 762 1927 Stygiamque
774 1860 866 1911 innare
878 1859 1040 1927 paludem—

274 1924 316 1980 Da
329 1927 450 1979 dextram
462 1929 563 1996 misero,
576 1935 603 1980 et
615 1936 704 1980 teeum
715 1947 757 1980 me
770 1929 833 1981 tolle
845 1946 892 1996 per
903 1928 989 1980 undas
999 1948 1008 1993 ;

276 1992 387 2046 Sedibus
400 2002 430 2048 ut
442 1995 535 2047 saltem
547 1994 657 2063 placidis
670 1997 698 2046 in
711 2002 794 2047 morte
806 1998 966 2063 quiescam.''

276 2062 351 2115 Talia
363 2063 434 2116 fatus
447 2070 510 2126 erat,
524 2065 602 2132 eoepit
615 2081 697 2131 quum
710 2065 775 2116 talia
787 2073 875 2117 vates:

277 2132 292 2161 ‘⁶
302 2129 378 2184 Unde
390 2134 453 2194 haee,
468 2152 482 2185 o
496 2134 624 2199 Palinure,
638 2134 687 2185 tibi
700 2139 754 2185 tam
768 2135 825 2186 dira
838 2136 932 2199 cupido
944 2134 954 2186 i

274 2191 313 2246 Tu
326 2193 431 2263 Stygias
444 2198 600 2251 inhumatus
612 2217 694 2267 aquas
706 2218 863 2269 amnemque
876 2219 995 2254 severum

271 2261 450 2317 Eumenidum
462 2268 579 2335 aspiciere,
591 2269 709 2337 ripamve
721 2270 837 2338 injussus
849 2272 933 2324 adibis
943 2272 953 2325 i

271 2330 369 2386 Desine
380 2336 438 2386 fata
450 2336 529 2388 deum
540 2337 611 2389 flecti
624 2356 727 2406 sperare
739 2340 876 2408 precando.

271 2400 323 2454 Sed
335 2420 398 2472 cape
411 2405 483 2457 dieta
494 2424 600 2474 memor,
613 2408 673 2460 duri
686 2410 779 2462 solatia
791 2428 873 2462 casus.

271 2469 340 2523 Nam
353 2478 400 2525 tua
412 2474 526 2541 finitimi,
540 2476 617 2544 longe
629 2477 735 2547 lateque
746 2497 793 2547 per
805 2480 881 2531 urbes

270 2538 401 2608 Prodigiis
413 2545 466 2595 aeti
479 2546 635 2614 coelestibus,
648 2564 706 2600 ossa
720 2549 839 2616 piabunt,

269 2608 306 2662 Et
318 2616 436 2664 statuent
448 2615 590 2681 tumulum,
604 2622 631 2667 et
643 2618 747 2669 tumulo
759 2619 884 2670 solemnia
896 2620 1006 2673 mittent

269 2678 462 2750 AEternumque
474 2683 546 2736 loeus
560 2685 680 2737 Palinuri
692 2704 788 2739 nomen
800 2689 922 2741 habebit!

256 2747 312 2800 llis
324 2749 407 2805 dietis
419 2771 491 2809 curae
505 2759 608 2828 emotae,
620 2755 767 2829 pulsusque
777 2775 918 2828 parmnper

242 2817 331 2875 Corde
344 2823 425 2882 dolor
437 2827 513 2886 tristi
524 2851 532 2894 ς
550 2831 660 2905 gaudet
674 2830 834 2903 cognomine
844 2833 925 2880 terra.
