2700 3242
283 315 316 368 42
511 307 541 360 P.
555 307 710 360 VIRGILII
729 306 889 358 MARONIS

279 409 463 478 Silvarumque
475 409 533 462 aliae
546 426 644 478 pressos
656 409 808 477 propaginis
819 424 895 460 arcus

278 478 443 547 Exspectant
454 483 482 530 et
493 479 554 530 viva
566 493 614 530 sua
626 479 760 546 plantaria
772 484 848 529 terra.

278 546 325 600 Nil
337 547 432 600 radicis
445 555 524 614 egent
535 547 611 610 aliae3
629 563 812 612 summumque
824 552 932 615 putator

279 615 362 669 Haud
373 615 479 668 dubitat
490 623 565 668 terrae
577 617 691 668 referens
703 616 828 666 mandare
841 632 974 678 cacumen,

280 685 351 748 Quin
362 692 390 738 et
402 685 554 738 caudicibus
566 686 650 752 sectis,
662 685 783 737 mirabile
795 685 877 752 dictu,
1089 687 1124 735 30

280 753 407 806 Truditur
419 771 433 806 e
446 754 513 806 sicco
525 755 602 807 radix
614 754 734 820 oleagina
746 753 825 820 ligno.

278 821 315 874 Et
327 840 394 891 saepe
406 824 515 876 alterius
526 841 611 876 ramos
622 824 731 891 impune
743 822 863 874 videmus

279 891 387 944 Vertere
399 892 428 942 in
439 892 562 956 alterius;
580 898 763 959 mutatamque
774 891 855 942 insita
866 890 938 942 mala

279 959 357 1012 Ferre
369 961 464 1029 pirum,
477 967 504 1013 et
516 962 607 1029 prunis
620 960 738 1029 lapidosa
749 960 885 1011 rubescere
897 976 982 1012 corna

315 1029 400 1093 Quare
412 1030 484 1096 agito
496 1047 518 1096 o,
530 1030 647 1098 proprios
659 1029 804 1097 generatim
817 1029 910 1080 discite
922 1029 1017 1095 cultus,

278 1097 414 1166 Agricola,
426 1100 580 1170 fructusque
591 1099 659 1150 feros
671 1098 771 1150 mollite
784 1097 891 1149 colendo
902 1116 908 1159 ;

277 1167 304 1219 N
305 1184 338 1219 eu
350 1184 441 1235 segnes
449 1169 557 1235 jaceant
569 1173 652 1220 terrae.
682 1167 769 1219 Juvat
781 1167 882 1219 Ismara
893 1165 998 1218 Baccho

279 1235 422 1303 Oonserere,
434 1243 514 1304 atque
527 1237 584 1289 olea
595 1253 722 1304 magnum
733 1236 829 1288 vestire
841 1235 1001 1288 Taburnum.

278 1305 370 1374 'laquo
382 1306 451 1372 ades,
463 1306 651 1374 inceptumque
662 1323 718 1359 una
730 1304 838 1357 decurre
850 1305 973 1371 laborem,

278 1373 516 1443 0decus,ofamae
527 1377 621 1428 merito
633 1392 693 1443 pars
704 1375 822 1427 maxima
832 1379 934 1440 nostrae,
1085 1377 1122 1425 40

277 1443 414 1511 Maecenas,
427 1445 571 1512 pelagoque
582 1445 674 1496 volans
686 1445 720 1496 da
732 1444 791 1495 vela
802 1443 912 1510 patenti.

276 1512 337 1565 Non
349 1530 396 1580 ego
409 1519 504 1565 cuncta
515 1515 580 1565 meis
592 1513 715 1582 amplecti
727 1512 843 1565 versibus
855 1518 917 1579 opto
929 1529 935 1575 ;

276 1581 303 1633 N
304 1599 344 1649 on,
356 1582 423 1633 mihi
435 1582 457 1634 si
469 1583 567 1649 linguae
579 1588 687 1634 centum
700 1583 759 1644 sint,
773 1599 868 1649 oraque
878 1586 992 1647 centum,

277 1649 372 1703 Ferrea
383 1667 451 1703 vox:
468 1651 537 1718 ades,
551 1657 577 1704 et
589 1652 668 1720 primi
680 1651 738 1718 lege
750 1651 833 1702 litoris
845 1667 924 1702 oram

278 1719 311 1771 In
323 1719 443 1772 manibus
455 1725 547 1774 terra:
565 1737 618 1772 non
629 1721 674 1772 hic
686 1727 713 1772 te
725 1720 839 1772 carmine
851 1720 913 1772 ficto

276 1788 366 1855 Atque
378 1806 425 1857 per
436 1789 558 1856 ambages
571 1797 598 1842 et
609 1789 689 1856 longa
701 1806 792 1841 exorsa
804 1788 905 1841 tenebo.

312 1857 410 1926 Sponte
422 1875 470 1911 sua
482 1875 539 1926 quae
552 1876 579 1911 ee
591 1859 690 1911 tollunt
702 1858 731 1910 in
743 1858 851 1910 luminis
863 1874 928 1923 oras,

278 1927 425 1980 Infecunda
437 1928 550 1996 quidem,
564 1928 608 1981 sed
620 1928 682 1980 laeta
694 1933 721 1980 et
732 1928 813 1980 fortia
824 1932 954 1994 surgrmt3

277 1995 380 2064 Quippe
392 1997 446 2050 solo
457 2003 554 2050 natura
565 1998 660 2049 subest.
691 1997 790 2049 Tamen
802 1997 857 2048 hac
870 2012 972 2064 quoque
984 1994 1006 2048 si
1019 1995 1078 2064 quis

277 2065 387 2132 inserat,
400 2071 448 2118 aut
460 2066 592 2119 scrobibus
604 2066 713 2118 mandet
724 2071 829 2118 mutata
841 2065 963 2131 subactis,
1085 2068 1120 2118 60

275 2135 407 2187 Exuerint
420 2135 565 2187 silvestrem
576 2136 695 2188 animum
707 2154 713 2200 ;
732 2135 858 2202 cultuque
869 2135 1003 2202 frequenti

277 2203 310 2255 In
323 2221 499 2271 quascumque
510 2222 585 2257 voces
597 2211 666 2256 artes
678 2205 750 2256 haud
762 2204 838 2256 tarda
850 2211 999 2270 sequentur.

276 2271 331 2324 Nec
343 2289 396 2324 non
409 2279 435 2325 et
447 2273 550 2340 sterilis,
563 2290 620 2341 quae
633 2274 758 2342 stirpibus
770 2272 827 2325 exit
838 2272 871 2325 ab
883 2273 950 2341 imis,

277 2340 335 2393 Hoc
347 2342 433 2408 faciet,
446 2359 542 2395 vacuos
555 2343 576 2394 si
588 2343 623 2395 sit
634 2343 737 2410 digesta
748 2359 795 2410 per
806 2359 898 2410 agros:

276 2409 355 2462 Nunc
368 2411 428 2463 altae
440 2411 544 2464 frondes
557 2416 583 2464 et
595 2413 661 2463 rami
673 2412 766 2463 matris
778 2416 898 2480 opacant,

277 2479 460 2548 crescentique
472 2481 594 2532 adimunt
605 2481 684 2548 fetus,
696 2486 829 2548 uruntque
841 2481 976 2532 ferentem.

276 2548 296 2600 J
296 2566 347 2613 am,
361 2565 418 2615 qua
431 2550 572 2601 seminibus
581 2551 661 2617 jactis
674 2567 701 2602 se
713 2550 822 2602 sustulit
833 2549 915 2616 arbos,

277 2617 362 2669 Tarda
375 2618 455 2684 venit,
468 2619 530 2670 seris
542 2620 646 2671 iactura
657 2619 797 2686 nepotibus
809 2618 929 2670 umbram
939 2637 946 2681 ;

273 2685 409 2753 Pomaque
421 2687 581 2753 degenerant
593 2705 666 2739 sucos
680 2688 761 2740 oblita
773 2688 884 2755 priores;

253 2750 298 2799 Et
309 2757 405 2820 turpes
415 2756 514 2810 avibus
523 2757 645 2828 praedam
658 2757 712 2813 fert
723 2775 778 2812 uva
788 2773 913 2812 racemos.
1085 2760 1119 2809 60

272 2814 392 2874 50171'0195
403 2827 535 2885 omnibus
547 2836 593 2888 est
604 2831 686 2889 labor
697 2828 908 2905 impendendus,
918 2831 949 2880 et
958 2840 1051 2878 omnes
