2700 3242
518 273 720 329 GEORGICON
739 275 847 330 alat

256 375 382 429 Certatim
394 375 482 443 largos
494 376 611 428 humeris
623 377 763 429 infundere
776 393 854 442 rores,

255 443 331 498 Nunc
343 450 428 513 caput
440 445 571 512 objectare
583 446 665 512 fretis,
675 463 747 498 nunc
760 463 863 498 currere
875 445 904 496 in
916 445 1008 510 undas,

254 512 288 566 Et
299 515 391 567 studio
403 514 537 566 incassum
549 514 639 566 videas
650 516 748 583 gestire
759 515 874 567 lavandi.

255 582 320 635 'lum
334 583 429 635 cornix
440 582 520 652 plena
531 583 650 651 pluviam
663 590 741 636 vocat
753 584 872 651 improba
884 601 954 649 voce,

255 651 288 704 Et
299 653 357 705 sola
370 652 400 704 in
413 652 483 704 sicca
495 669 585 704 secum
597 653 728 721 spatiatur
741 670 827 705 arena.

255 720 292 774 Ne
304 727 439 775 nocturna
451 721 559 789 quidem
572 727 709 789 carpentes
721 739 802 790 pensa
814 722 910 790 puellae
1053 725 1105 775 390

254 789 394 844 Nescivcre
407 791 529 858 hiemem,
543 796 611 843 testa
624 807 706 858 quum
719 792 827 843 ardente
840 791 959 843 viderent

254 859 407 914 Scintillare
420 860 506 913 oleum
519 865 546 912 et
558 866 648 927 putres
661 877 824 912 concrescere
836 860 939 928 fimgos.

287 929 313 982 N
314 946 345 982 ec
357 930 447 981 minus
458 947 492 982 ex
504 929 583 980 imbri
595 930 660 981 soles
673 936 701 982 et
713 936 805 998 aperta
817 946 907 982 serena

254 997 407 1068 Prospicere
420 1007 446 1051 et
458 999 537 1050 certis
548 998 645 1066 poteris
658 1015 810 1065 cognoscere
823 999 921 1065 signis:

253 1067 323 1120 Nam
334 1085 425 1135 neque
434 1073 493 1120 tum
505 1067 588 1119 stellis
601 1068 670 1120 acies
683 1068 776 1120 obtusa
788 1068 901 1134 videtur,

253 1136 308 1189 Nec
319 1137 413 1189 fratris
424 1137 506 1189 radiis
518 1136 632 1189 obnoxia
644 1154 751 1204 surgere
763 1137 846 1202 Luna,

253 1205 357 1258 Tenuis
368 1223 419 1258 nec
430 1206 499 1259 lanae
511 1223 558 1274 per
570 1206 665 1258 coslum
677 1206 775 1258 vellera
787 1206 865 1269 ferri3

252 1274 279 1327 N
279 1293 314 1327 on
327 1275 449 1343 tepidum
461 1276 495 1327 ad
508 1275 588 1327 solem
599 1292 700 1345 pennas
712 1275 741 1326 in
753 1276 830 1326 litore
842 1275 966 1341 pandunt

253 1344 366 1397 Dilectae
378 1344 484 1396 Thetidi
496 1345 618 1412 alcyones
628 1364 635 1408 ;
653 1362 707 1396 non
719 1361 762 1396 ore
775 1344 874 1396 solutos

254 1413 393 1465 Immundi
404 1415 545 1465 meminere
558 1431 616 1466 sues
625 1416 727 1483 jactare
739 1413 883 1482 maniplos:
1051 1415 1104 1466 400

252 1483 292 1535 At
303 1483 408 1535 nebulae
419 1484 503 1550 magis
515 1483 569 1536 ima
581 1489 678 1552 petunt
690 1500 833 1552 campoque
844 1483 1003 1535 recumbunt
1013 1501 1021 1547 ;

254 1551 322 1604 Solis
335 1557 363 1604 et
374 1569 496 1604 occasum
507 1569 614 1605 servans
626 1553 659 1604 de
671 1553 786 1605 culmine
799 1569 900 1604 summo

253 1620 442 1690 Nequidquam
455 1638 523 1674 seros
535 1628 640 1674 exercet
651 1628 750 1674 noctua
762 1628 864 1675 cantus.

202 1719 210 1727 -
253 1691 375 1760 Apparet
386 1691 486 1758 liquido
498 1692 617 1743 sublimis
630 1691 659 1743 in
670 1693 731 1744 aere
743 1691 830 1758 Nisus,

253 1758 290 1812 Et
302 1777 350 1829 pro
362 1777 494 1828 purpureo
506 1778 596 1829 poenas
608 1761 655 1813 dat
667 1761 756 1828 Scylla
768 1761 870 1829 capillo.

255 1829 429 1898 Quacumque
441 1829 488 1882 illa
499 1830 584 1882 levem
596 1831 702 1898 fugiens
715 1836 785 1882 secat
798 1830 896 1882 aethera
908 1831 1011 1898 pennis,

253 1897 324 1952 Ecce
336 1899 469 1966 inimicus,
481 1905 565 1966 atrox,
578 1916 675 1967 magno
688 1900 797 1951 stridore
809 1915 857 1967 per
870 1917 947 1952 auras

254 1967 289 2020 In
334 1968 410 2020 uitur
422 1968 518 2021 Nisus:
536 1986 589 2037 qua
602 1986 628 2020 se
640 1969 692 2020 fort
704 1969 784 2020 Nisus
796 1969 830 2020 ad
843 1985 927 2034 auras,

254 2037 308 2090 Illa
331 2054 406 2090 ovem
418 2037 522 2106 fugiens
534 2038 632 2106 raptim
644 2043 715 2090 secat
728 2038 825 2089 aethera
837 2038 938 2105 pennis.

253 2105 324 2158 'Num
336 2105 451 2175 liquidas
463 2107 533 2159 corvi
545 2124 632 2177 presso
644 2113 686 2159 ter
697 2113 806 2174 gutture
818 2123 894 2159 voces
1051 2109 1103 2158 410

253 2176 312 2228 Aut
324 2181 419 2244 quater
430 2175 611 2244 ingeminant;
623 2181 650 2227 et
662 2193 729 2245 saepe
742 2175 872 2228 cubilibus
884 2176 953 2241 altis,

255 2244 350 2298 Nescio
363 2262 416 2313 qua
427 2249 522 2313 praeter
533 2245 639 2298 solitum
652 2245 790 2297 dulcedine
802 2245 863 2311 laeti,

256 2315 332 2368 Inter
344 2332 371 2367 se
383 2314 454 2366 foliis
466 2314 622 2383 strepitant;
636 2316 716 2382 juvat
727 2314 855 2366 imbribus
868 2314 934 2366 actis

254 2382 412 2452 Progeniem
413 2401 532 2504 parvam
544 2384 687 2451 dulcesque
698 2384 808 2435 revisere
820 2383 911 2435 nidos:

255 2453 339 2505 Haud
352 2453 413 2521 equi
431 2470 474 2505 em
485 2454 569 2521 credo,
582 2453 644 2522 quia
656 2454 691 2504 sit
704 2453 832 2504 divinitus
844 2453 898 2504 illis

255 2520 407 2591 Ingenium,
419 2529 468 2575 aut
478 2540 567 2574 rerum
578 2523 634 2574 fato
646 2523 789 2590 prudentia
800 2524 897 2590 major:

255 2591 365 2659 Verum,
377 2591 424 2643 ubi
437 2596 579 2660 tempestas
591 2599 618 2644 et
630 2593 689 2644 coeli
701 2591 804 2643 mobilis
816 2591 911 2643 humor

255 2660 397 2714 Mutavere
409 2661 473 2729 rias,
485 2666 512 2712 et
524 2661 634 2729 Jupiter
645 2661 742 2713 uvidus
751 2662 855 2714 Austris

255 2729 363 2794 Denset
376 2735 519 2808 erantque
527 2746 588 2782 rara
599 2730 687 2801 modo,
701 2739 735 2801 et,
749 2751 809 2807 quae
823 2733 917 2805 densa,
929 2735 1039 2790 relaxat
1048 2754 1060 2799 χ

254 2798 397 2844 V‘WW
406 2811 506 2862 Ῥθωθδ
516 2798 682 2876 ammarum,
697 2813 724 2863 et
740 2818 860 2883 pectora
870 2823 968 2868 motus
1090 2806 1145 2858 &lm
