2700 3242
505 300 670 354 AENIlIDOS
689 300 756 354 LIB.
776 300 838 353 Vll.
1049 305 1100 353 245

250 402 286 454 Et
299 401 414 470 primam
426 405 488 453 ante
500 401 583 452 aciem
596 400 676 452 densa
688 400 758 452 inter
770 400 825 452 tela
836 401 966 468 seruntur,

252 472 305 522 Oen
318 471 372 522 duo
384 470 523 537 nubigenae
536 487 618 537 quum
631 470 729 521 vertice
741 470 838 521 montis
851 471 884 521 ab
896 472 950 522 alto

250 539 424 591 Descendunt
437 539 568 604 Centauri,
581 538 712 590 Homolen
725 538 890 606 Othrquue
902 539 1017 592 nivalem

251 608 415 677 Linquentes
428 624 506 660 cursu
516 608 608 676 rapido
620 626 628 670 3
646 608 693 659 dat
705 608 829 659 euntibus
841 609 935 674 ingens

251 678 325 730 Silva
338 678 433 744 locum,
446 684 473 729 et
485 694 581 744 magno
593 676 691 728 cedunt
704 677 821 743 virgulta
834 677 943 744 fragore.

286 746 311 798 N
313 763 343 799 ec
356 745 523 798 Praenestinae
535 746 661 797 fundator
672 745 760 797 defuit
773 745 853 812 urbis,

251 814 374 867 Vulcano
386 816 507 882 genitum
519 832 612 884 pecora
624 815 695 865 inter
706 815 820 881 agrestia
832 833 928 882 regem,

251 884 450 952 Inventumque
461 885 525 936 focis
538 884 621 936 omnis
634 900 713 951 quem
725 884 836 935 credidit
848 892 919 952 setas,
1049 889 1099 938 680

251 953 380 1005 (iaecrrlus.
417 953 498 1005 Hunc
510 953 578 1020 legio
590 953 644 1004 late
656 952 798 1003 comitatur
809 955 919 1020 agrestis
929 973 936 1017 ;

252 1023 360 1090 Quique
372 1021 459 1074 altum
471 1023 604 1074 Praeneste
616 1021 674 1087 viri,
688 1022 786 1089 quique
798 1040 861 1074 arva
875 1023 983 1075 Gabinae

251 1091 270 1142 J
271 1091 376 1158 unonis,
388 1090 558 1160 gelidumque
570 1090 706 1156 Anienem,
720 1097 747 1142 et
759 1091 861 1143 roscida
872 1092 936 1145 rivis

251 1160 370 1212 Hernica
383 1177 447 1211 saxa
459 1160 550 1212 colunt
561 1179 568 1222 ;
588 1177 658 1227 quos,
672 1159 745 1212 dives
757 1162 887 1228 Anagnia,
900 1162 992 1229 pascis,

252 1230 331 1296 Quos,
345 1231 474 1281 Amasene
486 1235 568 1296 pater.
604 1229 630 1280 N
630 1246 664 1280 on
677 1229 731 1280 illis
743 1230 863 1281 omnibus
876 1249 949 1283 arma

250 1298 277 1350 N
277 1315 306 1350 ec
319 1298 398 1366 clipei
411 1315 536 1350 currusve
549 1304 659 1350 sonant:
678 1315 738 1365 pars
750 1299 867 1351 maxima
879 1299 988 1366 glandes

251 1366 371 1420 Liuentis
384 1367 487 1435 plumbi
499 1368 617 1435 spargit3
635 1384 696 1435 pars
709 1368 811 1435 spicula
822 1374 909 1434 gestat

251 1435 321 1488 Bina
332 1453 423 1502 manu,
436 1436 574 1504 fulvosque
587 1437 644 1505 lupi
657 1437 690 1487 de
703 1436 771 1505 pelle
783 1438 884 1503 galeros

251 1504 369 1572 Tegmen
381 1505 480 1556 habent
492 1506 589 1572 capiti:
609 1506 721 1572 vestigia
734 1507 807 1557 nuda
819 1506 918 1559 sinistri

251 1574 398 1627 Instituere
409 1574 501 1642 pedis3
520 1575 617 1626 crudus
630 1576 698 1641 tegit
711 1574 795 1626 altera
807 1593 875 1643 pero.
1046 1582 1098 1629 000

286 1643 324 1696 At
336 1643 481 1711 Messapus,
494 1660 591 1711 equum
604 1644 723 1711 domitor,
736 1644 872 1712 Neptunia
884 1646 977 1715 proles,

252 1712 339 1776 Quem
350 1729 436 1779 neque
448 1713 488 1764 fas
500 1713 559 1780 igni
570 1713 695 1779 cuiquam
707 1731 756 1764 nec
769 1720 884 1767 sternere
897 1716 974 1782 ferro,

197 1774 207 1871 ν
251 1782 271 1835 J
272 1799 316 1834 am
329 1781 431 1849 pridem
442 1781 539 1833 resides
551 1783 667 1850 populos,
682 1783 842 1851 desuetaque
854 1783 922 1836 bello

249 1851 375 1918 Agmina,
388 1850 416 1901 in
428 1868 502 1903 arma
514 1858 591 1903 vocat
603 1852 698 1918 subito,
710 1853 861 1921 ferrumque
872 1860 1005 1907 retractat.

250 1919 289 1971 Hi
301 1919 478 1972 Fescenninas
490 1921 558 1972 acies
570 1921 723 1989 AEquosquc
735 1922 857 1989 Faliscos,

250 1988 289 2040 Hi
301 1988 416 2041 Soractis
428 1989 527 2042 habent
539 2007 611 2042 arces
623 1991 797 2058 Flaviniaque
809 2009 880 2057 arva,

251 2057 287 2109 Et
301 2057 399 2110 cimini
411 2075 472 2110 cum
483 2065 573 2111 monte
585 2059 672 2111 lacum
686 2059 810 2128 lucosque
823 2061 947 2129 Capenos.

250 2126 333 2179 Ibant
346 2129 444 2194 aequati
455 2145 572 2195 numero,
584 2146 724 2197 regemque
737 2130 884 2193 canebant;

197 2226 208 2263 ι
250 2197 305 2248 Ceu
318 2197 451 2265 quondam
464 2199 535 2249 nivei
546 2198 648 2265 liquida
660 2199 730 2250 inter
741 2198 833 2250 nubila
846 2199 923 2266 cycni

197 2278 208 2371 p
251 2266 342 2329 Quum
354 2283 408 2318 sese
421 2284 435 2317 e
447 2274 524 2334 pastu
536 2268 661 2334 referunt,
675 2273 702 2320 ot
715 2268 794 2334 longa
806 2285 912 2320 canoros
1048 2272 1097 2324 too

197 2384 199 2389 .
248 2334 324 2387 Dant
336 2352 383 2403 per
396 2336 462 2388 colla
473 2337 580 2400 modos;
598 2343 673 2389 sonat
686 2337 771 2389 amnis
784 2343 810 2389 et
823 2339 885 2390 Asia
896 2338 973 2407 longe

249 2403 333 2456 Pulsa
346 2404 428 2471 palus.

197 2508 199 2515 ·
249 2473 306 2526 Nec
320 2473 460 2541 quisquam
472 2479 566 2526 aeratas
579 2474 647 2526 acies
660 2493 694 2527 ex
706 2475 811 2541 agmine
823 2482 899 2528 tanto

249 2542 357 2595 Misceri
370 2549 463 2611 putet:
482 2545 583 2596 aeriam
595 2545 640 2596 sed
652 2545 759 2612 gurgite
771 2545 804 2596 ab
817 2546 871 2597 alto

249 2610 348 2680 Urgeri
362 2612 497 2664 volucrum
508 2630 647 2665 raucarum
659 2615 694 2666 ad
706 2614 785 2665 litora
797 2613 901 2667 nubem.

197 2642 207 2779 Ι
285 2681 363 2746 Ecce,
376 2680 532 2734 Sabinorum
545 2683 630 2747 prisco
642 2683 675 2735 de
688 2683 823 2749 sanguine,
836 2701 963 2750 magnum

248 2751 356 2819 Agmen
367 2765 447 2818 agens
461 2750 579 2817 Clausus,
586 2752 731 2822 magnique
742 2752 801 2824 ipse
812 2753 933 2825 agminis
941 2753 1045 2820 instar,

197 2830 202 2893 q
250 2819 362 2894 Claudia
369 2835 442 2870 nunc
451 2836 468 2869 a
480 2837 532 2886 quo
544 2821 712 2880 diffunditur
726 2831 754 2880 et
766 2825 861 2882 tribus
874 2833 905 2882 et
916 2844 989 2898 gens

234 2886 289 2934 Pet
296 2884 411 2944 Latfflm,
421 2896 568 2956 postquam
580 2892 611 2946 in
626 2903 743 2970 partem
755 2899 830 2958 dato,
839 2900 942 2957 Rom
950 2893 1083 2954 Saluium.
