2700 3242
529 305 696 360 AENEIDOS
712 305 780 361 LIB.
798 305 845 362 IX.
1053 313 1104 363 276

256 406 414 477 Explorant,
425 413 570 478 pontesque
582 413 609 460 et
621 404 821 476 propugnacula
829 412 949 477 jungunt
961 430 969 475 ;
1053 417 1102 466 170

255 477 320 530 Tela
331 483 434 545 gerunt
471 478 578 530 Instant
591 476 745 529 Mnestheus
757 495 868 546 acerque
880 480 998 533 Serestus
1007 498 1023 546 ;Ι

256 546 327 611 Quos
339 553 415 615 pater
427 547 531 609 AEneas,
544 547 566 598 si
578 546 684 615 quande
695 547 805 599 adversa
817 556 948 614 vocarent,

256 615 380 668 Rectores
388 618 519 684 juvenum
531 623 558 667 et
570 633 658 667 rerum
670 615 744 668 dedit
757 634 810 668 esse
822 618 968 684 magistros

254 683 347 736 Omnis
359 702 406 753 per
417 702 505 736 muros
518 684 586 752 legio
598 685 691 736 sortita
703 686 831 752 periclum

253 752 386 821 Excubat,
397 762 554 821 exercetque
566 754 643 819 vices,
656 753 726 820 quod
739 755 833 822 cuique
847 755 977 808 tuendum
989 763 1035 810 est

289 822 369 874 Nisus
382 830 438 874 erat
451 831 533 890 portae
546 830 640 887 eustos,
650 824 791 874 acerrimus
804 824 891 890 armis,

253 890 412 959 Hyrtacides
423 911 430 954 ;
448 892 570 944 comitem
582 892 671 943 AEneae
684 908 762 958 quem
774 894 881 944 miserat
894 893 943 946 lda

253 960 392 1027 Venatrix,
400 960 490 1029 jaculo
503 961 612 1012 celerem
624 960 778 1026 levibusque
791 962 911 1028 sagittis:

251 1029 288 1081 Et
297 1032 379 1098 juxta
390 1046 475 1081 eomes
487 1030 625 1097 Euryalus,
639 1047 690 1097 quo
703 1030 836 1098 pulchrior
848 1032 917 1083 alter

250 1097 277 1150 N
277 1115 312 1150 on
324 1099 377 1150 fuit
389 1098 544 1165 AEueadum,
557 1099 669 1166 Trojano
681 1117 765 1166 noque
777 1099 866 1152 induit
878 1118 968 1166 srma;
1046 1107 1095 1155 180

252 1167 305 1220 Ora
316 1185 382 1236 puer
394 1168 479 1236 prima
491 1169 597 1234 signans
609 1169 714 1219 intensa
721 1170 841 1235 juventa

250 1235 301 1288 His
313 1254 387 1289 amor
398 1254 468 1288 unus
480 1244 544 1302 erat,
556 1237 706 1305 pariterque
718 1237 746 1287 in
759 1237 827 1289 bella
838 1237 951 1291 ruebant
961 1258 968 1304 3

249 1305 319 1357 Tum
331 1322 434 1374 quoque
447 1307 579 1357 communi
592 1313 695 1374 portam
707 1307 819 1357 statione
832 1307 963 1361 tenebant.

248 1373 330 1426 Nisus
342 1375 396 1428 ait:
418 1377 432 1405 “
442 1377 512 1429 Dine
525 1376 597 1429 hune
608 1376 727 1429 ardorem
739 1375 873 1426 mentibus
885 1380 996 1445 addunt,

248 1442 365 1512 Euryale
376 1444 386 1497 l
404 1460 439 1496 au
452 1460 499 1495 sua
511 1444 607 1511 cuique
619 1443 683 1494 deus
695 1443 726 1493 fit
739 1442 796 1493 dira
808 1443 903 1510 cupido
915 1443 925 1495 l

247 1512 305 1565 Aut
317 1530 442 1581 pugnam,
455 1519 503 1565 aut
515 1512 616 1580 aliquid
624 1511 783 1580 jamdudum
795 1512 919 1564 invadere
930 1530 1057 1580 magnum

247 1581 325 1634 Mens
337 1583 423 1650 agitat
435 1581 501 1633 mihi
512 1600 519 1645 ;
536 1598 585 1632 nee
598 1581 702 1648 placida
714 1587 837 1632 contenta
850 1581 938 1649 quiete
950 1594 996 1635 est.

247 1651 345 1718 Cernis,
359 1668 417 1718 quae
432 1651 544 1702 Rutulos
556 1650 652 1701 habeat
664 1650 761 1700 fiducia
773 1667 866 1702 rerum.

246 1719 361 1772 Lumina
372 1737 432 1772 rara
443 1720 559 1782 micant;
578 1736 667 1770 somno
680 1719 791 1786 vinoque
804 1719 901 1787 sepulti
910 1723 925 1753 ⁶

246 1788 430 1853 Procubuere;
449 1789 527 1840 silent
539 1790 592 1841 late
604 1789 668 1840 loca.
705 1789 812 1856 Pereipe
824 1805 900 1856 porro
1041 1794 1090 1842 190

246 1859 317 1922 Quid
329 1858 455 1924 dubitem,
469 1866 496 1910 et
508 1874 566 1926 quae
579 1875 649 1909 nunc
662 1859 750 1909 auimo
762 1859 893 1909 sententia
905 1864 1003 1926 surgat

244 1927 349 1980 AEnean
361 1929 440 1980 acciri
452 1945 548 1993 omnes,
561 1927 725 1995 populusque
738 1937 882 1994 patresque,

244 1995 406 2064 Exposcunt,
419 1997 543 2066 mittique
555 1997 630 2063 viros,
643 1997 690 2064 qui
702 2004 774 2047 certa
785 2002 925 2063 reportent.

243 2065 272 2118 si
284 2064 334 2119 tibi
347 2083 405 2135 quae
418 2083 494 2134 poseo
507 2066 764 2134 promittunt-nam
777 2066 842 2116 mihi
855 2065 920 2116 faeti

243 2135 327 2187 Fama
340 2141 380 2187 sat
393 2135 570 2187 est-tumulo
583 2135 672 2186 videor
683 2135 797 2202 reperire
810 2134 858 2186 sub
870 2134 915 2186 illo

243 2202 321 2257 Posse
334 2205 404 2257 riam
417 2205 450 2256 ad
462 2222 549 2257 muros
561 2211 588 2256 et
600 2205 697 2256 moenia
709 2203 870 2255 Pallantea.''

243 2273 328 2326 Obstu
347 2274 389 2325 uit
401 2291 496 2341 magno
509 2274 619 2325 laudum
630 2291 768 2341 percussus
780 2290 867 2324 amore

241 2343 315 2411 Eury
345 2360 391 2405 us;
410 2343 488 2395 simul
501 2343 542 2394 bis
554 2343 691 2394 ardentem
703 2342 800 2394 effatur
811 2342 943 2396 amicum:

197 2424 199 2435 '
239 2411 343 2464 “Mene
354 2411 439 2480 igitur
450 2413 549 2465 socium
562 2412 670 2463 summis
683 2412 826 2479 adjungere
838 2410 923 2477 rebus,

197 2576 202 2663 l

240 2479 311 2546 Nise,
324 2480 415 2548 fugisl
435 2480 518 2532 selum
531 2485 558 2530 te
569 2479 597 2530 in
610 2485 687 2531 tanta
699 2479 815 2546 pericula
827 2479 953 2533 mittaml
1034 2484 1087 2536 200

239 2549 265 2601 N
266 2567 299 2602 en
313 2550 352 2600 ita
364 2567 405 2600 ms
418 2550 521 2616 genitor
533 2548 608 2599 bellis
621 2556 740 2599 assuetus
753 2547 877 2615 Opheltes

239 2619 394 2686 Argolicum
406 2625 530 2670 terrorem
545 2618 613 2669 inter
625 2618 760 2684 Trejaeque
774 2617 873 2668 labores

238 2688 380 2741 Sublatum
393 2689 490 2738 erudiit
502 2707 509 2749 3
527 2704 575 2738 nec
588 2693 675 2738 tecum
690 2685 754 2738 talia
766 2686 842 2752 gessi,

239 2757 443 2825 Magnanimum
457 2757 556 2808 AEnean
569 2764 595 2808 et
609 2757 665 2810 fata
677 2763 801 2810 extrema
811 2761 932 2811 secutus.

232 2828 283 2878 list
292 2826 343 2882 liic,
358 2833 397 2875 est
407 2826 512 2878 animus
524 2826 593 2880 lueis
607 2835 774 2896 contemtor,
788 2835 816 2886 et
826 2829 918 2883 istum

590 2910 601 2935 ⁴
619 2916 688 2958 soluti

277 2973 285 3003 l
