2700 3242
282 315 315 368 so
516 311 545 363 r.
560 283 714 364 tracias
734 290 895 367 suasura

282 411 346 474 Quis
358 411 482 463 dubitetl
501 429 563 463 nam
576 428 644 479 supe
655 412 729 465 favos
741 413 849 480 ignotus
860 415 951 466 adedit

281 480 380 548 Stellio,
392 487 419 532 et
431 481 556 548 lucifugis
569 487 693 548 congesta
705 482 804 534 cubilia
815 482 916 551 blattis,

282 551 461 618 immunisque
473 550 565 602 sedens
577 550 663 603 aliena
675 551 709 602 ad
721 551 819 619 pabula
831 553 925 616 fucus3

280 620 336 671 Aut
348 637 423 688 asper
435 619 526 672 crabro
537 619 683 688 imparibus
695 637 722 672 se
734 620 879 672 immiscuit
890 622 977 686 armis,

279 689 336 741 Aut
349 689 436 740 dirum
448 689 526 741 tinea
538 705 621 756 genus
632 708 639 752 ;
657 695 705 740 aut
717 689 803 742 invisa
814 689 942 743 Minerva

279 757 365 810 Laxos
377 758 406 809 in
418 758 518 810 foribus
531 758 668 826 suspendit
680 775 777 810 aranea
789 775 880 812 casses.

279 826 862 964 itettttttltttttsttrlffit
874 845 963 880 ‘ml

276 964 504 1034 Gomplcbuntque
516 965 591 1031 foros,
605 970 631 1016 et
643 964 751 1017 floribus
763 965 856 1018 horrea
868 970 968 1020 texant.
1071 973 1126 1022 250

313 1033 420 1101 sivero,
434 1034 557 1102 quoniam
570 1051 644 1085 casus
657 1034 750 1102 apibus
763 1051 865 1102 quoque
878 1045 979 1088 nostros

278 1102 342 1155 Vita
354 1103 426 1170 tulit,
439 1103 509 1154 tristi
521 1103 686 1170 languebunt
699 1119 806 1171 corpora
816 1104 913 1172 morbo,

278 1172 353 1235 Quod
361 1175 419 1240 jam
431 1189 483 1224 non
497 1172 583 1224 dubiis
595 1171 693 1239 poteris
706 1188 860 1240 cognoscere
872 1173 969 1241 signis:

277 1241 407 1293 Continuo
419 1248 458 1293 cst
471 1242 547 1308 aegris
559 1241 627 1293 alius
640 1241 709 1293 color
719 1259 726 1305 ;
744 1242 851 1294 horrida
862 1243 967 1294 vultum

277 1310 413 1363 Deformat
425 1311 538 1375 macies;
556 1317 615 1363 tum
628 1327 735 1378 corpora
747 1311 806 1363 luce
819 1319 955 1363 carentum

276 1379 427 1449 Expertant
438 1380 524 1447 tectis,
536 1385 563 1432 et
575 1380 663 1432 tristia
674 1379 769 1431 frmera
781 1380 883 1432 ducunt
894 1399 901 1442 ;

276 1449 332 1502 Aut
344 1449 396 1502 illae
409 1449 518 1518 pedibus
531 1465 654 1501 connexa
666 1449 701 1500 ad
713 1448 806 1501 limina
817 1450 941 1517 pendent,

276 1519 332 1570 Aut
343 1519 417 1570 intus
429 1518 524 1570 clausis
537 1524 697 1570 cunctantur
709 1517 737 1569 in
750 1518 858 1584 adibus,
871 1535 959 1571 emises

275 1587 434 1656 ignarasque
446 1588 516 1639 fame
528 1592 555 1638 et
567 1593 701 1639 contracto
713 1587 810 1654 frigore
822 1588 912 1656 pigrae.

275 1656 344 1708 Tum
357 1674 434 1709 sonus
446 1656 555 1708 auditur
567 1657 677 1723 gravior,
690 1657 848 1725 tractimque
860 1665 1005 1723 susurrant,
1067 1663 1123 1714 260

275 1725 399 1794 Frigidus
411 1730 443 1778 ut
455 1726 587 1792 quondam
599 1725 671 1777 silvis
684 1725 870 1778 immurmurat
879 1725 977 1778 Auster
988 1745 996 1791 ;

276 1795 315 1848 Ut
327 1813 398 1848 mare
411 1795 552 1847 sollicitum
565 1794 653 1846 stridit
665 1795 837 1847 refluentibus
849 1796 929 1848 undis
940 1816 947 1859 ;

275 1865 383 1917 AEstuat
395 1869 427 1916 ut
439 1865 534 1916 clausis
546 1864 653 1932 rapidus
666 1864 816 1916 fornacibus
828 1865 905 1932 ignis.

275 1933 328 1986 Hic
336 1935 393 2001 jam
405 1933 545 2002 galbaneos
558 1933 671 1985 suadebo
684 1933 823 1986 incendere
835 1935 933 2001 odores,

274 2002 408 2072 Mellaque
420 2003 573 2056 arundineis
585 2003 682 2054 inferre
695 2002 838 2070 canalibus,
851 2004 922 2056 ultro

274 2072 433 2125 Hortantem
445 2077 472 2124 et
483 2074 563 2124 fessas
576 2073 610 2124 ad
622 2072 721 2140 pabula
733 2077 796 2124 nota
807 2079 952 2126 vocantem.

274 2141 394 2195 Proderit
406 2149 433 2195 et
445 2147 554 2194 tunsum
566 2141 643 2208 gallae
656 2141 798 2193 admiscere
811 2159 935 2210 saporem,

273 2211 436 2280 Arentesque
448 2228 526 2277 rosas,
539 2217 587 2263 aut
598 2211 656 2279 igni
668 2210 780 2279 pinguia
790 2212 875 2263 multo

273 2281 392 2349 Defruta,
405 2281 448 2334 vel
465 2281 566 2350 psithia
575 2297 663 2349 passos
676 2280 709 2332 de
722 2281 776 2333 rite
787 2298 910 2347 racemos,

273 2350 477 2419 Cecropiumque
489 2350 619 2418 thymum,
632 2356 659 2402 et
671 2367 751 2417 grave
764 2350 862 2402 olentia
875 2356 1023 2403 centaurea.
1065 2356 1119 2406 270

273 2418 321 2471 Est
333 2421 414 2472 etiam
425 2419 472 2471 flos
484 2420 513 2471 in
526 2419 616 2488 pratis,
629 2421 673 2471 cui
685 2437 781 2471 nomen
793 2420 887 2472 amello

272 2487 368 2541 Fecere
380 2489 508 2556 agricolis,
521 2489 607 2541 facilis
620 2489 800 2557 quarentibus
812 2489 893 2541 herba
903 2508 909 2553 ;

272 2557 392 2626 Namque
405 2576 457 2610 uno
470 2559 605 2626 ingentem
617 2559 688 2610 tollit
701 2559 734 2610 de
746 2560 844 2626 cespite
857 2559 957 2624 silvam,

272 2627 374 2679 Aureus
387 2627 460 2695 ipse;
478 2628 523 2680 sed
534 2628 563 2679 in
575 2628 652 2694 foliis,
667 2645 725 2696 quae
738 2628 853 2696 plurima
865 2629 962 2680 circum

267 2695 441 2765 Funduntnr,
454 2697 529 2749 riolae
542 2697 661 2749 sublucet
674 2715 792 2766 purpura
803 2698 894 2765 nigrae,

249 2761 332 2828 Sapo
345 2765 428 2819 desim
440 2767 521 2822 nexis
533 2774 635 2823 ornatae
649 2767 790 2841 torquibus
800 2783 872 2831 arar

233 2828 370 2896 &Perrh
385 2853 433 2894 ore
443 2856 529 2913 sapor
536 2861 547 2910 ,-
570 2842 658 2899 tonsis
672 2843 703 2899 in
714 2839 836 2898 vallibus
846 2837 928 2890 illum
