2700 3242
279 307 332 360 244
512 306 542 360 P.
555 305 711 360 VIRGILII
730 305 892 360 MARONIS

280 405 393 459 Classica
401 407 510 475 jamque
523 413 617 461 sonant
627 426 634 470 ;
652 408 675 460 it
687 407 755 460 bello
766 412 864 460 tessera
876 408 991 476 signum

279 472 333 526 Hic
344 475 447 544 galeam
459 477 536 529 tectis
548 477 666 546 trepidus
678 478 749 545 rapit
761 495 768 540 ;
785 476 831 529 ille
843 478 986 532 frementes

279 543 322 597 Ad
330 547 398 613 juga
410 546 480 614 cogit
493 563 587 614 equos;
606 546 772 615 clipeumque
784 562 899 614 auroque
911 548 1027 602 trilicem

279 611 399 667 Loricam
410 615 532 668 induitur
544 615 647 683 fidoque
659 616 808 683 accingitur
820 632 888 668 ense.
1075 626 1128 675 640

315 683 428 736 Pandite
440 702 511 736 nunc
524 685 659 751 Helicona,
672 685 735 751 deae,
748 689 895 752 cantusque
906 692 1018 756 movete,

281 751 334 815 Qui
345 753 413 805 bello
426 755 506 806 exciti
518 771 598 821 reges,
611 770 669 821 quae
683 771 812 821 quemque
824 760 921 806 secutae

280 822 441 890 Complerint
453 841 557 891 campos
569 823 637 875 acies
650 841 657 886 ;
675 823 771 890 quibus
784 822 854 875 Itala
861 825 920 890 jam
932 830 993 878 tum

279 890 409 943 Floruerit
421 898 491 944 terra
503 893 573 944 alma
585 892 654 959 viris,
667 891 762 961 quibus
774 892 867 944 arserit
878 894 964 946 armis.

279 960 315 1012 Et
327 961 482 1013 meministis
494 962 572 1027 enim,
585 962 661 1028 divae,
674 966 701 1013 et
712 978 855 1013 memorare
868 964 996 1029 potestis;

278 1030 321 1081 Ad
334 1047 380 1082 nos
392 1031 438 1082 rix
451 1031 538 1083 tenuis
550 1032 627 1082 famae
640 1029 787 1097 perlabitur
798 1047 870 1082 aura.

314 1099 418 1151 Primus
430 1100 482 1151 init
493 1099 593 1152 bellum
605 1099 748 1166 Tyrrhenis
760 1116 836 1166 asper
848 1099 882 1151 ab
893 1100 945 1152 oris

280 1167 430 1220 contemtor
442 1169 534 1220 divum
546 1168 702 1235 Mezentius,
714 1168 875 1235 agminaque
886 1175 979 1223 armat

279 1235 363 1289 Filius
375 1237 438 1289 huic
446 1240 528 1305 juxta
540 1238 648 1304 Lausus,
661 1254 713 1304 quo
724 1237 859 1304 pulchrior
870 1237 939 1290 alter

278 1305 305 1357 N
306 1324 339 1357 011
351 1307 410 1373 fuit,
424 1313 532 1375 excepto
545 1307 684 1358 Laurentis
696 1323 802 1374 corpore
814 1306 904 1359 Turni.
1073 1316 1124 1365 (350

278 1374 387 1442 Lausus,
400 1393 497 1444 equum
509 1376 621 1428 domitor
633 1375 777 1427 debellator
794 1392 829 1427 ue
839 1375 964 1444 ferarum,

277 1443 360 1496 Ducit
372 1446 499 1513 Agyllina
510 1445 688 1513 nequidquam
700 1461 733 1496 ex
745 1393 810 1496 urhe
822 1450 924 1497 secutos

278 1512 354 1565 Mille
366 1515 434 1566 11101
446 1534 453 1578 ;
471 1515 574 1582 dignus,
587 1514 680 1582 patriis
692 1513 738 1581 qui
751 1513 836 1565 laetior
847 1519 915 1566 esset

278 1582 406 1651 Imperiis,
420 1590 446 1636 et
459 1585 502 1635 cui
514 1589 589 1651 pater
601 1583 673 1634 haud
685 1582 833 1634 Mezentius
845 1588 920 1636 esset.

313 1653 377 1704 Post
388 1653 436 1704 1101
448 1653 578 1720 insignem
590 1652 679 1720 palma
690 1669 738 1718 per
749 1652 870 1718 gramina
882 1669 991 1706 currum

278 1720 448 1788 Victoresque
461 1727 576 1773 ostentat
588 1738 667 1787 equos
680 1727 753 1772 satus
765 1720 881 1772 Hercule
893 1721 1005 1788 pulchro

278 1790 392 1842 Pulcher
404 1791 569 1854 Aventinus5
588 1790 724 1857 clipeoque
736 1790 839 1856 insigne
852 1796 993 1857 paternum

278 1860 390 1911 Centum
403 1878 501 1927 angues
514 1860 679 1926 cinctamque
692 1860 760 1925 gerit
772 1858 936 1926 serpentibus
949 1860 1072 1930 Hydram
1084 1884 1091 1928 ;

278 1929 356 1980 Oollis
369 1929 496 1982 Aventini
509 1929 575 1981 silva
588 1945 666 1997 quem
679 1927 753 1979 Rhea
766 1929 884 1980 sacerdos

277 1997 419 2051 Furtivum
431 2004 511 2066 partu
523 1998 571 2049 sub
584 1996 692 2048 luminis
704 1997 788 2048 edidit
800 2014 864 2063 oras,
1072 2007 1124 2055 661)

277 2066 367 2119 Mixto
379 2068 427 2119 deo
439 2068 540 2133 mulier,
554 2073 693 2134 postquam
705 2066 848 2118 Laurentia
860 2065 952 2133 110101,

279 2137 396 2203 Geryone
409 2138 546 2203 exstincto,
559 2134 714 2202 Tirynthius
726 2136 819 2202 attigit
830 2152 900 2201 arva,

277 2204 464 2273 Tyrrhenoque
476 2206 553 2258 boves
565 2205 593 2255 in
605 2204 714 2256 flumine
726 2204 793 2255 lavit
806 2204 901 2256 Iberes

278 2274 336 2326 Pila
348 2292 429 2326 manu
442 2291 573 2342 saevosque
585 2279 681 2341 gerunt
693 2273 722 2324 in
734 2273 803 2324 bella
815 2273 920 2325 dolones
930 2291 938 2337 ;

277 2343 313 2396 Ilt
326 2344 403 2395 tereti
415 2349 537 2413 pugnant
549 2359 672 2394 mucrone
685 2359 801 2409 veruque
813 2341 923 2394 Sabelle.

278 2412 340 2481 Ipse
352 2413 437 2481 pedes,
450 2419 575 2480 tegumen
588 2418 711 2479 torquens
724 2412 838 2463 immane
850 2411 939 2476 leonis,

277 2481 397 2534 Terribili
409 2483 545 2550 impexum
557 2488 628 2547 saeta,
640 2497 702 2531 cum
714 2481 837 2532 dentibus
849 2481 923 2547 albis,

277 2550 392 2603 indutus
405 2552 493 2619 capiti,
507 2552 543 2602 sic
555 2551 627 2617 regia
640 2556 712 2601 tecta
724 2550 829 2602 subibat

277 2619 414 2685 Horridus,
428 2620 608 2687 llerculcoque
621 2619 742 2670 humeros
754 2619 868 2671 innexus
880 2620 989 2673 amictu.

308 2689 375 2743 Tum
387 2689 488 2760 gemini
500 2690 593 2742 fratres
605 2688 726 2740 Tiburtia
737 2689 834 2740 moenia
846 2688 982 2757 linquunt,
1067 2697 1117 2747 670

256 2759 367 2816 Fratris
382 2762 490 2818 Tiburti
503 2762 608 2817 dictam
620 2758 774 2829 cognomine
784 2763 898 2824 gestem„

248 2832 432 2913 Catillusque
447 2855 570 2911 acerque
583 2835 677 2904 Coras,
693 2829 793 2898 1111110
802 2829 949 2892 'rhime
