2700 3242
302 260 356 312 294
530 255 560 311 Ρ.
578 255 736 310 VIRGILII
754 255 918 310 Maeonis

303 354 400 408 AEneas
411 355 519 423 ignarus
531 354 613 409 abest.
649 355 825 424 Nunquamne
837 355 920 408 levari

296 423 444 476 Obsidione
457 424 545 478 sinesl
564 424 649 476 Muris
662 426 759 477 iterum
772 425 894 477 imminet
906 423 988 478 hostis

303 492 443 547 Nascentis
455 494 546 561 Trojoe,
558 511 607 546 uec
619 511 672 545 non
685 494 816 546 exercitus
828 493 914 557 alter;

303 561 392 630 Atque
404 563 500 615 iterum
513 564 540 614 in
553 564 665 615 l'euoros
678 563 773 614 AEtolis
786 563 871 630 surgit
883 563 917 616 ab
929 562 1009 632 Arpis

304 630 424 699 Tydides.
460 632 590 700 Equidem
602 632 687 698 credo,
700 649 759 684 mea
770 631 881 684 vulnera
892 639 1003 700 restant,

304 698 341 752 Et
352 708 400 754 tua
412 703 548 770 progenies
559 701 682 753 mortalia
694 701 812 752 demoror
824 703 915 754 anne!
1118 705 1153 755 30

305 768 333 822 Si
346 771 402 823 siue
413 788 478 839 pace
491 777 538 823 tua
550 776 630 838 atque
643 770 727 822 invito
740 771 849 823 numine
862 771 941 823 'l'rois

304 838 412 892 ltaliam
424 840 644 908 petiere-luant
657 845 783 909 peccata;
801 857 886 909 neque
899 840 958 893 illos

304 908 325 961 J
326 910 412 961 uveris
424 909 542 961 auxilio:
561 909 602 961 sin
615 915 656 961 tot
667 926 791 977 responsa
803 910 894 976 secuti,

306 977 369 1041 Quae
382 978 470 1047 superi
481 995 624 1046 manesque
637 977 828 1045 dabant-eur
840 995 911 1030 nunc
923 985 971 1031 tua
983 979 1127 1049 quisquam

305 1045 413 1099 Vertere
421 1050 496 1115 jussa
508 1048 615 1115 potestl
634 1054 682 1100 aut
694 1065 742 1099 cur
753 1065 821 1100 nova
833 1048 944 1100 condere
955 1049 1034 1102 fatal

305 1116 375 1179 Quid
387 1124 504 1185 repetam
517 1124 624 1169 exustas
637 1117 750 1185 Erycino
762 1117 790 1168 in
803 1117 879 1168 litore
892 1117 986 1171 classes
997 1118 1007 1171 l

305 1185 375 1249 Quid
388 1192 576 1253 tempestatum
587 1204 684 1254 regem,
697 1193 841 1254 ventosque
852 1187 971 1240 furentes

303 1255 390 1308 AEolia
402 1255 501 1309 excitos
512 1255 522 1308 i
540 1261 588 1309 aut
600 1264 688 1309 actam
700 1255 814 1307 nubibus
827 1254 911 1308 Iriml

303 1323 329 1376 N
330 1342 383 1377 unc
395 1326 476 1378 etiam
487 1326 668 1378 manes-haec
680 1326 814 1377 intentata
825 1324 950 1378 manebat

304 1394 363 1447 Sors
375 1401 592 1461 rerum—movet,
604 1401 631 1447 et
643 1395 745 1463 superis
756 1394 874 1446 immissa
885 1401 993 1463 repente
1116 1399 1152 1448 40

303 1464 413 1530 Allecto,
425 1464 524 1516 medias
538 1464 638 1517 Italum
648 1463 778 1516 bacchata
790 1481 837 1532 per
848 1464 933 1518 urbes.

303 1533 349 1585 Nil
362 1551 440 1602 super
451 1534 561 1601 imperio
572 1551 693 1586 moveor:
712 1534 874 1602 speravimus
887 1533 945 1600 ista,

302 1602 374 1656 Dum
386 1604 493 1656 fortuna
505 1604 575 1656 fuit:
594 1603 710 1668 vincant,
724 1619 788 1670 quos
801 1603 904 1655 vincere
916 1603 1009 1656 maris.

302 1672 331 1725 Si
343 1673 417 1725 nulla
429 1679 468 1725 est
480 1673 559 1740 regio,
571 1673 678 1725 Teucris
690 1689 770 1741 quam
782 1672 827 1724 det
840 1679 888 1724 tua
900 1674 998 1740 conjux

302 1741 392 1796 Dura:
410 1760 457 1811 per
468 1759 570 1808 eversa,
583 1743 693 1809 genitor.
706 1742 838 1794 fumantia
850 1742 933 1810 'l'rojae

302 1811 414 1864 Excidia
426 1811 541 1864 obtestor
553 1830 558 1864 :
577 1812 656 1864 liceat
669 1812 802 1863 dimittere
814 1811 847 1863 ab
859 1812 939 1863 armis

302 1880 465 1933 Incolumem
477 1881 628 1947 Ascanium,
641 1881 720 1933 liceat
733 1898 866 1949 superesse
877 1887 1008 1949 nepotem

301 1949 398 2002 AEneas
411 1968 472 2002 sane
484 1951 582 2017 ignotis
591 1953 709 2018 jactetur
721 1950 749 2001 in
762 1951 848 2016 undis,

300 2018 344 2084 Et,
358 2037 549 2088 quamcumque
562 2021 632 2072 viam
645 2020 748 2072 dederit
759 2020 875 2085 fortuna,
888 2025 1032 2087 sequatur:

301 2087 382 2140 Hunc
395 2096 489 2156 tegere,
502 2096 529 2141 et
542 2091 604 2142 dirae
617 2089 720 2142 valeam
733 2089 876 2142 subducere
889 2106 994 2156 pugnae.
1115 2092 1146 2140 5(

300 2157 349 2210 Est
361 2158 499 2225 Amathus,
512 2165 552 2211 est
564 2160 633 2211 celsa
644 2159 711 2210 mihi
724 2159 838 2227 Paphus,
850 2165 931 2225 atque
943 2157 1066 2225 Cythera,

301 2227 445 2296 Idaliaeque
458 2228 566 2282 domus:
583 2229 675 2297 positis
688 2229 816 2293 inglorius
828 2228 907 2280 armis

196 2354 201 2375 Ι
299 2295 399 2364 Exiget
411 2298 455 2349 hic
467 2315 560 2351 aevum.
596 2299 697 2365 Magna
709 2299 808 2350 ditione
817 2297 911 2365 jubeto

198 2398 201 2421 :
300 2366 431 2434 Carthago
443 2374 546 2435 premat
558 2367 718 2420 Ausoniam:
736 2367 804 2418 nihil
817 2366 926 2418 urbibus
938 2365 1001 2418 inde

198 2438 201 2461 ²
300 2435 422 2488 Obstabit
434 2437 526 2503 Tyriis.
563 2436 633 2500 Quid
645 2444 745 2504 pestem
758 2437 868 2489 evadere
880 2435 942 2487 belli

298 2504 384 2572 Juvit,
397 2512 424 2558 et
436 2505 569 2573 Argolicos
581 2507 698 2558 modium
710 2506 809 2573 fugisse
821 2523 868 2573 per
880 2506 961 2572 ignes,

187 2598 201 2655 ,ᾖ
298 2573 399 2642 Totque
411 2577 490 2626 meris
503 2583 634 2643 vasteque
647 2576 776 2627 exhausto
788 2575 906 2643 pericula
918 2582 1002 2640 terrae,

188 2665 189 2670 ¹
291 2641 365 2697 Dum
379 2644 488 2699 Latium
501 2646 595 2698 Teucri
607 2646 773 2712 recidivaque
785 2645 914 2711 Pergama
926 2642 1073 2711 quaerunti

278 2714 344 2770 Non
359 2718 456 2789 satius,
470 2719 575 2774 cineres
588 2717 685 2790 patriae
696 2715 823 2767 insedisse
833 2731 975 2779 supremos,

266 2787 371 2862 AAque
382 2792 479 2850 solum
493 2811 553 2869 quo
565 2793 652 2864 'lroja
661 2786 741 2845 editt
755 2779 1087 2839 innumeremus,
