2700 3242
513 275 680 330 AENllIDOS
698 275 764 329 LIB.
783 275 815 329 X.
1041 279 1091 329 297

246 380 398 434 Dardanius
410 385 491 450 caput
503 397 563 433 ecce
576 397 642 449 puer
653 380 773 433 detectus
785 380 933 447 honestum,

247 451 339 515 Qualis
352 468 456 518 gemma
467 451 555 516 micat,
568 450 673 502 fulvum
686 467 745 518 quae
757 450 854 502 dividit
865 467 967 516 aurum,

245 520 303 572 Aut
315 521 381 573 collo
393 519 473 572 decus
484 526 533 573 aut
545 519 627 588 capiti
638 538 646 583 ;
663 519 707 572 vel
719 519 796 587 quale
808 537 854 587 per
866 526 950 571 artem

246 589 384 642 Inclusum
396 589 476 656 buxo,
487 596 535 642 aut
548 589 635 642 Oricia
647 589 804 655 terebintho,

244 657 330 712 Lucet
342 658 423 722 ebur3
441 659 512 711 fusos
525 658 614 711 cervix
626 659 670 710 cui
683 658 768 710 lactea
780 659 865 711 crines

243 727 352 798 Accipit
363 734 390 781 et
401 728 475 780 molli
488 728 644 780 subnectens
656 728 770 779 circulus
782 745 853 781 auro.

243 797 281 850 re
293 815 397 866 quoque
407 797 584 864 magnanimes
596 796 729 863 viderunt,
743 797 848 863 Ismaro,
860 803 951 864 gentes

244 865 362 920 Vulnera
374 866 486 935 dirigere
498 872 526 919 et
538 866 651 918 calamos
663 883 764 918 armare
777 884 884 935 veneno,
1038 870 1088 918 140

242 934 359 989 Maeonia
370 953 493 1004 generose
505 935 597 987 domo:
615 934 661 987 ubi
674 936 784 1004 pinguia
797 937 870 988 culta

242 1004 376 1058 Exercent
394 1023 428 1058 ue
440 1006 498 1071 viri,
512 1005 687 1072 Pactolusque
699 1005 793 1072 irrigat
805 1023 875 1058 auro.

242 1073 330 1127 Affuit
342 1081 369 1128 et
412 1075 543 1141 nestheus,
557 1091 636 1141 quem
648 1074 718 1143 pulsi
731 1076 843 1144 pristina
855 1075 937 1128 Turni

241 1143 348 1212 Aggere
360 1161 502 1196 moerorum
514 1143 652 1196 sublimem
664 1143 748 1210 gloria
761 1145 840 1209 tollit,

240 1212 278 1266 Et
291 1214 393 1283 Capys:
411 1214 475 1265 hinc
487 1231 582 1265 nomen
595 1213 734 1280 Campana
746 1214 854 1266 ducitur
864 1213 931 1266 urbi.

277 1282 323 1334 Illi
334 1284 405 1335 inter
417 1300 472 1335 sese
484 1283 544 1334 duri
556 1283 701 1334 certamina
712 1283 775 1334 belli

241 1351 433 1406 Contulerant.:
451 1353 538 1404 media
550 1352 647 1403 AEneas
660 1353 728 1404 freta
740 1358 816 1404 nocte
829 1352 940 1404 secabat.

239 1421 363 1490 Namque
374 1430 406 1475 ut
418 1422 452 1474 ab
464 1422 587 1474 Evandro
599 1421 691 1473 castris
703 1421 834 1489 ingressus
847 1423 965 1474 Etruscis

240 1490 341 1558 Regem
353 1491 417 1557 adit,
430 1497 457 1544 et
468 1492 525 1558 regi
537 1496 664 1542 memorat
676 1508 822 1559 nomenque
834 1509 976 1560 genusque,

240 1559 345 1623 Quidve
357 1567 438 1631 petat,
451 1561 548 1629 quidve
560 1560 616 1629 ipss
628 1561 696 1611 ferat
709 1579 715 1622 ;
734 1561 882 1612 Mezentius
894 1579 967 1614 arma
1035 1565 1085 1613 150

240 1629 306 1692 Quae
318 1630 369 1682 sibi
382 1630 510 1695 conciliet,
524 1630 691 1697 violentaque
704 1638 809 1697 pectora
822 1631 911 1697 Turni,

238 1698 340 1752 Edocet
352 1718 359 1762 ;
377 1700 500 1752 humanis
512 1717 571 1768 qum
584 1700 617 1751 sit
629 1699 727 1750 fiducia
739 1699 815 1752 rebus

238 1768 379 1835 Admonet,
392 1769 574 1836 immiscetque
587 1785 682 1838 preces.
718 1769 799 1821 Haud
812 1770 843 1822 fit
854 1787 942 1835 mora;
964 1770 1083 1824 Tarchon

238 1837 259 1890 J
260 1839 339 1905 ungit
351 1856 420 1907 opes,
431 1839 568 1906 foedusque
580 1839 659 1901 ferit;
678 1844 735 1889 tum
748 1839 830 1891 libera
842 1840 893 1892 fati

239 1907 354 1959 Classem
367 1909 516 1961 conscendit
525 1908 606 1975 jussis
617 1924 682 1975 gens
696 1908 778 1975 Lydia
790 1909 889 1976 divum,

237 1975 355 2029 Externo
368 1978 504 2030 commissa
516 1977 584 2029 duci.
620 1978 716 2029 AEne'ia
728 1979 824 2046 puppis

237 2044 328 2098 Prima
340 2051 421 2113 tenet,
433 2057 516 2100 rostro
529 2047 656 2114 Phrygios
669 2047 810 2114 subjuncta
823 2048 925 2100 leones:

237 2115 365 2168 Imminet
378 2116 427 2169 lda
439 2134 524 2184 snper,
537 2117 655 2185 profugis
667 2117 817 2183 gratissima
829 2117 942 2171 Teucris.

236 2183 290 2237 Hic
303 2202 415 2254 magnus
428 2187 500 2239 sedet
512 2186 616 2252 AEneas,
629 2203 768 2253 secumque
781 2187 884 2239 volutat

235 2252 356 2307 Eventus
369 2253 431 2308 belli
444 2255 527 2308 varios
539 2274 545 2318 3
564 2255 704 2323 Pallasque
717 2255 821 2308 sinistro
1032 2259 1080 2308 100

235 2323 341 2376 Affixus
353 2324 430 2377 lateri
439 2327 496 2393 jam
509 2326 604 2392 quaerit
617 2326 708 2388 sidem,
721 2342 808 2393 opacae

233 2391 328 2446 Noctis
340 2393 397 2461 iter,
407 2396 463 2462 jam
476 2411 534 2461 quae
547 2412 638 2463 passus
650 2402 772 2462 terraque
784 2395 909 2462 marique.

269 2462 384 2516 Pandite
395 2481 467 2516 nunc
480 2463 616 2530 Helicona,
629 2464 691 2529 dese,
704 2472 849 2532 cantusque
861 2469 971 2532 movete,

233 2531 301 2596 Quas
313 2550 407 2585 manus
418 2533 519 2586 interea
532 2534 622 2585 Tuscis
635 2533 774 2585 comitetur
786 2534 820 2585 ab
832 2534 883 2586 oris

231 2601 345 2667 AEnean,
358 2610 493 2670 armetque
505 2609 582 2669 rates,
595 2603 740 2671 pelagoque
752 2603 870 2655 vehatur.

268 2670 397 2723 Massicus
410 2679 490 2724 serata
502 2673 622 2741 princeps
634 2678 705 2724 secat
717 2689 820 2740 aequora
832 2672 911 2739 tigri:

231 2739 289 2795 Sub
302 2758 353 2809 quo
364 2741 437 2794 mille
448 2757 543 2793 manus
549 2743 692 2813 juvenum,
704 2742 753 2815 qui
763 2742 869 2797 moenia
878 2740 969 2806 uiues,

228 2810 332 2874 Quique
344 2809 432 2863 ruben
443 2809 550 2881 liquere
564 2813 664 2874 Cosas:
683 2817 766 2890 queis
778 2814 851 2887 tela,
861 2813 980 2887 taum
