2700 3242
290 321 343 372 311
526 317 555 371 P.
574 317 728 371 villelmi
747 317 909 370 Mlucius

289 417 402 486 Quosne,
414 420 501 472 nefas!
521 420 610 472 omnes
622 420 733 472 infanda
743 419 772 472 in
783 425 867 471 morte
878 419 974 488 reliqui
984 419 995 472 l

291 488 327 541 Et
338 505 411 542 nuno
423 489 543 557 palantes
555 490 637 553 video,
650 490 831 558 gemitumque
844 489 986 541 cadentum

289 558 404 626 Accipio.
436 558 505 622 Quid
517 576 567 626 ago
577 558 587 610 'l
605 566 652 610 aut
665 575 725 626 quse
734 560 790 626 jam
803 559 867 610 satis
879 559 933 610 ima
945 558 1066 610 dehiscat

290 626 370 680 Terra
380 627 467 680 mihil
485 645 531 680 vos
543 645 558 680 ο
570 628 658 696 potius
670 628 835 691 miserescite,
848 628 928 692 venti,

289 695 323 748 In
334 714 420 765 rupes,
433 697 461 748 in
474 696 661 749 saxa-rolens
673 714 719 749 vos
732 697 835 748 Turnus
847 697 961 748 adoro-

288 763 367 818 Ferte
379 771 471 832 ratem,
484 766 611 832 saevisque
623 765 698 818 vedis
710 766 847 818 immittite
860 765 952 832 Syrtis,

289 834 347 898 Quo
359 851 444 903 neque
455 853 498 887 me
510 835 612 900 Rutuli,
625 852 673 886 nec
686 835 788 886 conscia
800 835 872 886 fama
884 825 1036 900 sequatur.'’

288 903 356 956 Haec
365 921 518 970 memorans,
528 905 615 956 animo
627 921 699 956 nunc
711 905 771 968 huc,
780 921 851 955 nunc
863 903 977 956 fluctuat
989 904 1056 956 illuc
1063 923 1071 968 ;
1084 908 1112 958 6Ε

287 972 331 1024 An
343 990 398 1025 sese
409 990 533 1025 mucrone
545 973 578 1025 ob
590 980 698 1025 tantum
710 973 822 1025 dedecus
834 990 924 1024 amens

287 1040 395 1106 Induat,
407 1048 434 1094 et
446 1043 557 1094 crudum
569 1060 616 1110 per
628 1049 713 1094 costas
725 1043 816 1108 exigat
828 1059 931 1106 ensem;

286 1108 425 1164 Fluctibus
437 1129 472 1164 an
480 1112 564 1180 jaciet
576 1112 676 1170 mediis,
689 1119 717 1163 et
729 1111 806 1163 litora
817 1112 906 1163 nando

289 1179 376 1233 Curva
387 1185 469 1249 petat,
482 1181 663 1248 Teucrumque
675 1181 773 1232 iterum
785 1198 812 1232 se
823 1181 917 1232 reddat
929 1181 957 1232 in
970 1198 1052 1234 arma.

286 1247 336 1302 Ter
348 1257 457 1302 conatus
469 1258 609 1318 utramque
621 1251 707 1302 viam:
727 1258 767 1302 ter
778 1250 894 1302 maxima
906 1251 980 1302 Juno

287 1318 425 1372 continuit
435 1339 442 1382 ;
456 1321 635 1388 juvenemque
647 1319 729 1371 animi
741 1320 864 1371 miserata
876 1320 1006 1387 repressit.

285 1386 396 1441 Labitur
407 1389 463 1441 alta
475 1407 564 1441 secans
576 1389 713 1456 fluctuque
724 1397 842 1457 cestuque
852 1390 967 1443 secundo
977 1408 985 1453 3

286 1455 323 1510 Et
335 1459 418 1526 patris
430 1459 568 1526 antiquam
581 1459 669 1510 Dauni
682 1459 800 1510 defertur
811 1458 845 1510 ad
858 1457 956 1511 urbem.

322 1527 359 1579 At
371 1527 391 1579 J
392 1527 447 1580 ovis
459 1528 560 1579 interea
571 1528 679 1579 monitis
692 1527 839 1579 Mezentius
851 1527 945 1579 ardens

285 1594 409 1648 Succedit
421 1614 525 1665 pugnoe,
538 1598 701 1665 Teucrosque
713 1597 817 1648 invadit
829 1604 944 1648 ovantes.
1081 1601 1112 1650 69

286 1664 452 1718 Concurrunt
465 1667 606 1734 'Pyrrheum
619 1666 695 1729 acies,
709 1673 789 1733 atque
802 1665 923 1717 omuibus
935 1666 991 1733 uni,

285 1733 339 1786 Uni
351 1735 468 1803 odiisque
480 1736 535 1788 viro
549 1736 659 1803 telisque
672 1735 853 1803 frequentibus
865 1735 975 1788 instant.

283 1802 341 1870 Ille,
354 1804 428 1855 velut
439 1821 517 1872 rupes
530 1812 635 1857 vastum
648 1822 707 1872 quoe
720 1805 808 1872 prodit
819 1805 847 1854 in
861 1821 955 1871 sequor,

284 1872 368 1924 Obvia
380 1879 519 1925 ventorum
531 1875 614 1938 furiis,
624 1881 785 1941 expostaque
798 1881 885 1941 ponto,

283 1941 346 1993 Vim
358 1949 481 1995 cunctam
494 1951 574 2010 atque
586 1944 671 1994 minas
685 1944 782 2010 perfert
796 1942 907 2008 coelique
919 1943 1060 2011 marisque,

282 2009 345 2079 Ipsa
357 2012 467 2065 immota
478 2030 602 2064 manens:
622 2012 721 2080 prolem
734 2012 902 2063 Dolichaonis
916 2012 1037 2064 Hebrum

282 2080 383 2133 Sternit
394 2082 477 2148 humi,
490 2099 550 2133 cum
563 2099 613 2149 quo
627 2083 765 2148 Latagum,
780 2081 953 2148 Palmumque
965 2082 1104 2148 fugacem:

281 2148 332 2201 Sed
346 2151 477 2218 Latagum
490 2168 553 2202 saxo
565 2159 644 2218 atque
657 2151 759 2216 ingenti
772 2151 901 2217 fragmine
914 2152 1012 2202 montis

281 2218 400 2287 Occupat
413 2237 440 2271 os
452 2220 597 2288 faciemque
610 2220 746 2271 adversam
757 2239 763 2282 ;
781 2220 881 2288 poplite
893 2219 1017 2272 Palmum

280 2287 386 2340 Succiso
399 2289 468 2340 volvi
481 2307 587 2356 segnem
600 2289 678 2350 sinit;
696 2306 820 2356 armaque
833 2289 917 2340 Lauso
1078 2293 1112 2344 70

280 2355 371 2409 Donat
383 2357 478 2409 habere
491 2359 613 2422 humeris,
627 2366 654 2409 et
667 2359 764 2409 vertice
777 2358 855 2424 figere
868 2357 966 2410 cristas.

279 2424 336 2478 Nec
349 2444 401 2478 non
414 2427 553 2478 Evanthen
566 2421 721 2494 Phrygium,
734 2427 887 2494 Paridisque
899 2427 1033 2481 Mimanta

280 2493 312 2545 AE
333 2496 421 2547 uelem
434 2497 623 2563 comitemque:
642 2513 696 2547 una
709 2513 786 2562 quem
798 2503 875 2548 nocte
887 2496 993 2548 Theano

280 2513 413 2616 Iulucem
425 2565 538 2631 genitori
552 2566 650 2632 Amyco
663 2565 745 2631 dedit,
758 2573 785 2616 et
797 2566 854 2616 sace
866 2583 1007 2634 praegnans

279 2632 374 2686 Cisseis
386 2634 478 2702 regina
492 2634 572 2686 Parin
584 2652 590 2686 :
609 2634 683 2685 Paris
695 2634 760 2685 urbe
772 2640 883 2702 paterna

268 2703 393 2760 Occubat
403 2725 412 2773 ;
425 2705 553 2777 ignarum
564 2703 684 2758 Laurens
692 2702 775 2755 babet
785 2720 830 2754 ora
842 2703 982 2757 Mimanta

252 2774 300 2830 Ac
315 2778 396 2835 velut
409 2779 458 2836 ille
473 2798 580 2836 canum
590 2793 686 2833 morsu
695 2774 730 2828 de
739 2771 946 2825 monflouseltxs

240 2846 341 2910 Actus
352 2871 435 2931 aper,
450 2856 565 2914 multos
578 2849 705 2910 Vesulus
715 2859 800 2918 quem
808 2838 907 2912 puio-ier
917 2851 1003 2888 annos
