<?xml version="1.0" encoding="UTF-8"?>
<!DOCTYPE html PUBLIC "-//W3C//DTD XHTML 1.0 Transitional//EN"
    "http://www.w3.org/TR/xhtml1/DTD/xhtml1-transitional.dtd">
<html xmlns="http://www.w3.org/1999/xhtml" xml:lang="en" lang="en">
 <head>
  <title>
</title>
<meta http-equiv="Content-Type" content="text/html;charset=utf-8" />
  <meta name='ocr-system' content='tesseract 3.04.00' />
  <meta name='ocr-capabilities' content='ocr_page ocr_carea ocr_par ocr_line ocrx_word'/>
</head>
<body>
  <div class='ocr_page' id='page_1' title='image "./operaomnia00virggoog/operaomnia00virggoog_0213.png"; bbox 0 0 2700 3242; ppageno 0'>
   <div class='ocr_carea' id='block_1_1' title="bbox 514 296 1101 353">
    <p class='ocr_par' dir='ltr' id='par_1_1' title="bbox 514 296 1101 353">
     <span class='ocr_line' id='line_1_1' title="bbox 514 296 1101 353; baseline 0.005 -3"><span class='ocrx_word' id='word_1_1' title='bbox 514 296 683 350; x_wconf 79' lang='lat' dir='ltr'>AENEIDOS</span> <span class='ocrx_word' id='word_1_2' title='bbox 701 297 768 351; x_wconf 78' lang='lat' dir='ltr'><strong>LIB.</strong></span> <span class='ocrx_word' id='word_1_3' title='bbox 787 299 834 352; x_wconf 86' lang='lat' dir='ltr'><strong>VI.</strong></span> <span class='ocrx_word' id='word_1_4' title='bbox 1050 303 1101 353; x_wconf 81' lang='lat'><strong>207</strong></span> 
     </span>
    </p>
   </div>
   <div class='ocr_carea' id='block_1_2' title="bbox 251 397 1103 2813">
    <p class='ocr_par' dir='ltr' id='par_1_2' title="bbox 252 397 1096 467">
     <span class='ocr_line' id='line_1_2' title="bbox 252 397 1096 467; baseline 0.001 -15"><span class='ocrx_word' id='word_1_5' title='bbox 252 399 370 452; x_wconf 78' lang='lat' dir='ltr'><strong>&#39;Pendere</strong></span> <span class='ocrx_word' id='word_1_6' title='bbox 382 397 433 450; x_wconf 89' lang='lat' dir='ltr'><strong>iter</strong></span> <span class='ocrx_word' id='word_1_7' title='bbox 444 398 554 467; x_wconf 88' lang='lat' dir='ltr'><strong>pennis:</strong></span> <span class='ocrx_word' id='word_1_8' title='bbox 573 398 634 451; x_wconf 87' lang='lat' dir='ltr'><strong>talis</strong></span> <span class='ocrx_word' id='word_1_9' title='bbox 646 415 702 450; x_wconf 84' lang='lat' dir='ltr'><strong>sese</strong></span> <span class='ocrx_word' id='word_1_10' title='bbox 714 399 814 450; x_wconf 78' lang='lat' dir='ltr'><strong>halitus</strong></span> <span class='ocrx_word' id='word_1_11' title='bbox 827 400 892 451; x_wconf 85' lang='lat' dir='ltr'><strong>stris</strong></span> <span class='ocrx_word' id='word_1_12' title='bbox 1049 403 1096 453; x_wconf 74' lang='lat'><strong>24(</strong></span> 
     </span>
    </p>

    <p class='ocr_par' dir='ltr' id='par_1_3' title="bbox 251 467 948 535">
     <span class='ocr_line' id='line_1_3' title="bbox 251 467 948 535; baseline 0.001 -14"><span class='ocrx_word' id='word_1_13' title='bbox 251 468 386 521; x_wconf 77' lang='lat' dir='ltr'><strong>Faucibus</strong></span> <span class='ocrx_word' id='word_1_14' title='bbox 399 467 535 520; x_wconf 86' lang='lat' dir='ltr'><strong>effundens</strong></span> <span class='ocrx_word' id='word_1_15' title='bbox 548 484 642 535; x_wconf 88' lang='lat' dir='ltr'><strong>supera</strong></span> <span class='ocrx_word' id='word_1_16' title='bbox 654 467 689 520; x_wconf 86' lang='lat' dir='ltr'><strong>ad</strong></span> <span class='ocrx_word' id='word_1_17' title='bbox 701 485 818 521; x_wconf 83' lang='lat' dir='ltr'><strong>convexa</strong></span> <span class='ocrx_word' id='word_1_18' title='bbox 829 469 948 523; x_wconf 81' lang='lat' dir='ltr'><strong>ferebat:</strong></span> 
     </span>
    </p>

    <p class='ocr_par' dir='ltr' id='par_1_4' title="bbox 252 537 921 608">
     <span class='ocr_line' id='line_1_4' title="bbox 252 537 921 608; baseline -0.001 -18"><span class='ocrx_word' id='word_1_19' title='bbox 252 537 342 608; x_wconf 88' lang='lat' dir='ltr'><strong>[Unde</strong></span> <span class='ocrx_word' id='word_1_20' title='bbox 354 537 442 589; x_wconf 91' lang='lat' dir='ltr'><strong>locum</strong></span> <span class='ocrx_word' id='word_1_21' title='bbox 454 537 527 589; x_wconf 80' lang='lat' dir='ltr'><strong>Graii</strong></span> <span class='ocrx_word' id='word_1_22' title='bbox 539 537 665 588; x_wconf 85' lang='lat' dir='ltr'><strong>dixerunt</strong></span> <span class='ocrx_word' id='word_1_23' title='bbox 676 538 783 590; x_wconf 89' lang='lat' dir='ltr'><strong>nomine</strong></span> <span class='ocrx_word' id='word_1_24' title='bbox 795 537 921 606; x_wconf 77' lang='lat' dir='ltr'><strong>homon]</strong></span> 
     </span>
    </p>

    <p class='ocr_par' dir='ltr' id='par_1_5' title="bbox 253 605 928 674">
     <span class='ocr_line' id='line_1_5' title="bbox 253 605 928 674; baseline 0 -15"><span class='ocrx_word' id='word_1_25' title='bbox 253 607 375 672; x_wconf 86' lang='lat' dir='ltr'><strong>Quatuor</strong></span> <span class='ocrx_word' id='word_1_26' title='bbox 386 606 430 658; x_wconf 88' lang='lat' dir='ltr'><strong>hic</strong></span> <span class='ocrx_word' id='word_1_27' title='bbox 441 606 558 674; x_wconf 87' lang='lat' dir='ltr'><strong>primum</strong></span> <span class='ocrx_word' id='word_1_28' title='bbox 569 605 705 672; x_wconf 73' lang='lat' dir='ltr'><strong>nigrantes</strong></span> <span class='ocrx_word' id='word_1_29' title='bbox 717 612 792 674; x_wconf 87' lang='lat' dir='ltr'><strong>terga</strong></span> <span class='ocrx_word' id='word_1_30' title='bbox 800 609 928 674; x_wconf 88' lang='lat' dir='ltr'><strong>juvencos</strong></span> 
     </span>
    </p>

    <p class='ocr_par' dir='ltr' id='par_1_6' title="bbox 253 674 903 743">
     <span class='ocr_line' id='line_1_6' title="bbox 253 674 903 743; baseline -0.003 -14"><span class='ocrx_word' id='word_1_31' title='bbox 253 676 406 743; x_wconf 75' lang='lat' dir='ltr'><strong>Constituit,</strong></span> <span class='ocrx_word' id='word_1_32' title='bbox 418 676 552 743; x_wconf 76' lang='lat' dir='ltr'><strong>frontique</strong></span> <span class='ocrx_word' id='word_1_33' title='bbox 563 674 680 742; x_wconf 80' lang='lat' dir='ltr'><strong>invergit</strong></span> <span class='ocrx_word' id='word_1_34' title='bbox 691 676 754 728; x_wconf 88' lang='lat' dir='ltr'><strong>vina</strong></span> <span class='ocrx_word' id='word_1_35' title='bbox 766 676 884 728; x_wconf 90' lang='lat' dir='ltr'><strong>sacerdos</strong></span> <span class='ocrx_word' id='word_1_36' title='bbox 897 696 903 740; x_wconf 90' lang='lat'>;</span> 
     </span>
    </p>

    <p class='ocr_par' dir='ltr' id='par_1_7' title="bbox 252 744 927 812">
     <span class='ocr_line' id='line_1_7' title="bbox 252 744 927 812; baseline 0 -14"><span class='ocrx_word' id='word_1_37' title='bbox 252 745 290 798; x_wconf 87' lang='lat' dir='ltr'><strong>Et</strong></span> <span class='ocrx_word' id='word_1_38' title='bbox 302 762 417 797; x_wconf 90' lang='lat' dir='ltr'><strong>summas</strong></span> <span class='ocrx_word' id='word_1_39' title='bbox 430 761 539 812; x_wconf 86' lang='lat' dir='ltr'><strong>carpens</strong></span> <span class='ocrx_word' id='word_1_40' title='bbox 550 744 638 796; x_wconf 89' lang='lat' dir='ltr'><strong>media</strong></span> <span class='ocrx_word' id='word_1_41' title='bbox 649 746 720 796; x_wconf 89' lang='lat' dir='ltr'><strong>inter</strong></span> <span class='ocrx_word' id='word_1_42' title='bbox 732 761 830 797; x_wconf 89' lang='lat' dir='ltr'><strong>cornua</strong></span> <span class='ocrx_word' id='word_1_43' title='bbox 843 753 927 812; x_wconf 82' lang='lat' dir='ltr'><strong>saetas,</strong></span> 
     </span>
    </p>

    <p class='ocr_par' dir='ltr' id='par_1_8' title="bbox 254 813 836 882">
     <span class='ocr_line' id='line_1_8' title="bbox 254 813 836 882; baseline -0.002 -15"><span class='ocrx_word' id='word_1_44' title='bbox 254 814 367 882; x_wconf 75' lang='lat' dir='ltr'><strong>Ignibus</strong></span> <span class='ocrx_word' id='word_1_45' title='bbox 379 814 492 881; x_wconf 89' lang='lat' dir='ltr'><strong>imponit</strong></span> <span class='ocrx_word' id='word_1_46' title='bbox 505 813 591 880; x_wconf 76' lang='lat' dir='ltr'><strong>sacris,</strong></span> <span class='ocrx_word' id='word_1_47' title='bbox 603 813 732 865; x_wconf 75' lang='lat' dir='ltr'><strong>libamina</strong></span> <span class='ocrx_word' id='word_1_48' title='bbox 743 815 836 882; x_wconf 87' lang='lat' dir='ltr'><strong>prima,</strong></span> 
     </span>
    </p>

    <p class='ocr_par' dir='ltr' id='par_1_9' title="bbox 254 882 1021 952">
     <span class='ocr_line' id='line_1_9' title="bbox 254 882 1021 952; baseline 0.003 -16"><span class='ocrx_word' id='word_1_49' title='bbox 254 884 325 936; x_wconf 86' lang='lat' dir='ltr'><strong>Voce</strong></span> <span class='ocrx_word' id='word_1_50' title='bbox 337 899 433 936; x_wconf 90' lang='lat' dir='ltr'><strong>vocans</strong></span> <span class='ocrx_word' id='word_1_51' title='bbox 446 883 573 949; x_wconf 85' lang='lat' dir='ltr'><strong>Hecaten,</strong></span> <span class='ocrx_word' id='word_1_52' title='bbox 587 882 709 950; x_wconf 80' lang='lat' dir='ltr'><strong>Coeloque</strong></span> <span class='ocrx_word' id='word_1_53' title='bbox 721 883 858 951; x_wconf 80' lang='lat' dir='ltr'><strong>Ereboque</strong></span> <span class='ocrx_word' id='word_1_54' title='bbox 869 890 1021 952; x_wconf 89' lang='lat' dir='ltr'><strong>potentem:</strong></span> 
     </span>
    </p>

    <p class='ocr_par' dir='ltr' id='par_1_10' title="bbox 255 951 908 1022">
     <span class='ocr_line' id='line_1_10' title="bbox 255 951 908 1022; baseline -0.002 -16"><span class='ocrx_word' id='word_1_55' title='bbox 255 953 417 1022; x_wconf 83' lang='lat' dir='ltr'><strong>Supponunt</strong></span> <span class='ocrx_word' id='word_1_56' title='bbox 428 952 475 1004; x_wconf 93' lang='lat' dir='ltr'><strong>alii</strong></span> <span class='ocrx_word' id='word_1_57' title='bbox 487 951 593 1018; x_wconf 85' lang='lat' dir='ltr'><strong>cultros,</strong></span> <span class='ocrx_word' id='word_1_58' title='bbox 606 953 779 1020; x_wconf 87' lang='lat' dir='ltr'><strong>tepidumque</strong></span> <span class='ocrx_word' id='word_1_59' title='bbox 791 970 908 1005; x_wconf 88' lang='lat' dir='ltr'><strong>cruorem</strong></span> 
     </span>
    </p>

    <p class='ocr_par' dir='ltr' id='par_1_11' title="bbox 255 1021 912 1090">
     <span class='ocr_line' id='line_1_11' title="bbox 255 1021 912 1090; baseline 0.002 -16"><span class='ocrx_word' id='word_1_60' title='bbox 255 1022 411 1090; x_wconf 77' lang='lat' dir='ltr'><strong>Suscipiunt</strong></span> <span class='ocrx_word' id='word_1_61' title='bbox 421 1021 526 1089; x_wconf 87' lang='lat' dir='ltr'><strong>pateris.</strong></span> <span class='ocrx_word' id='word_1_62' title='bbox 563 1021 623 1088; x_wconf 88' lang='lat' dir='ltr'><strong>lpse</strong></span> <span class='ocrx_word' id='word_1_63' title='bbox 635 1022 687 1073; x_wconf 86' lang='lat' dir='ltr'><strong>atri</strong></span> <span class='ocrx_word' id='word_1_64' title='bbox 699 1022 803 1074; x_wconf 90' lang='lat' dir='ltr'><strong>velleris</strong></span> <span class='ocrx_word' id='word_1_65' title='bbox 815 1040 912 1090; x_wconf 83' lang='lat' dir='ltr'><strong>agnam</strong></span> 
     </span>
    </p>

    <p class='ocr_par' dir='ltr' id='par_1_12' title="bbox 254 1090 1101 1158">
     <span class='ocr_line' id='line_1_12' title="bbox 254 1090 1101 1158; baseline 0.002 -16"><span class='ocrx_word' id='word_1_66' title='bbox 254 1091 354 1143; x_wconf 86' lang='lat' dir='ltr'><strong>AEneas</strong></span> <span class='ocrx_word' id='word_1_67' title='bbox 365 1091 445 1142; x_wconf 90' lang='lat' dir='ltr'><strong>matri</strong></span> <span class='ocrx_word' id='word_1_68' title='bbox 458 1090 636 1142; x_wconf 86' lang='lat' dir='ltr'><strong>Eumenidum</strong></span> <span class='ocrx_word' id='word_1_69' title='bbox 647 1107 805 1158; x_wconf 87' lang='lat' dir='ltr'><strong>magnaeque</strong></span> <span class='ocrx_word' id='word_1_70' title='bbox 818 1094 896 1144; x_wconf 92' lang='lat' dir='ltr'><strong>sorori</strong></span> <span class='ocrx_word' id='word_1_71' title='bbox 1050 1097 1101 1144; x_wconf 77' lang='lat'><strong>250</strong></span> 
     </span>
    </p>

    <p class='ocr_par' dir='ltr' id='par_1_13' title="bbox 255 1159 970 1229">
     <span class='ocr_line' id='line_1_13' title="bbox 255 1159 970 1229; baseline 0.003 -17"><span class='ocrx_word' id='word_1_72' title='bbox 255 1159 326 1212; x_wconf 88' lang='lat' dir='ltr'><strong>Ense</strong></span> <span class='ocrx_word' id='word_1_73' title='bbox 338 1160 409 1226; x_wconf 86' lang='lat' dir='ltr'><strong>ferit,</strong></span> <span class='ocrx_word' id='word_1_74' title='bbox 421 1160 588 1227; x_wconf 87' lang='lat' dir='ltr'><strong>sterilemque</strong></span> <span class='ocrx_word' id='word_1_75' title='bbox 600 1160 657 1225; x_wconf 87' lang='lat' dir='ltr'><strong>tibi,</strong></span> <span class='ocrx_word' id='word_1_76' title='bbox 670 1160 833 1229; x_wconf 80' lang='lat' dir='ltr'><strong>Proserpina,</strong></span> <span class='ocrx_word' id='word_1_77' title='bbox 845 1179 970 1215; x_wconf 88' lang='lat' dir='ltr'><strong>vaccam:</strong></span> 
     </span>
    </p>

    <p class='ocr_par' dir='ltr' id='par_1_14' title="bbox 255 1228 848 1298">
     <span class='ocr_line' id='line_1_14' title="bbox 255 1228 848 1298; baseline 0.002 -17"><span class='ocrx_word' id='word_1_78' title='bbox 255 1229 324 1282; x_wconf 69' lang='lat' dir='ltr'><strong>Tum</strong></span> <span class='ocrx_word' id='word_1_79' title='bbox 337 1228 429 1296; x_wconf 82' lang='lat' dir='ltr'><strong>Stygio</strong></span> <span class='ocrx_word' id='word_1_80' title='bbox 440 1229 497 1297; x_wconf 91' lang='lat' dir='ltr'><strong>regi</strong></span> <span class='ocrx_word' id='word_1_81' title='bbox 508 1234 651 1281; x_wconf 85' lang='lat' dir='ltr'><strong>nocturnes</strong></span> <span class='ocrx_word' id='word_1_82' title='bbox 662 1229 770 1282; x_wconf 87' lang='lat' dir='ltr'><strong>inchoat</strong></span> <span class='ocrx_word' id='word_1_83' title='bbox 781 1247 848 1298; x_wconf 80' lang='lat' dir='ltr'><strong>aras,</strong></span> 
     </span>
    </p>

    <p class='ocr_par' dir='ltr' id='par_1_15' title="bbox 255 1297 905 1366">
     <span class='ocr_line' id='line_1_15' title="bbox 255 1297 905 1366; baseline -0.002 -15"><span class='ocrx_word' id='word_1_84' title='bbox 255 1298 292 1351; x_wconf 83' lang='lat' dir='ltr'><strong>Et</strong></span> <span class='ocrx_word' id='word_1_85' title='bbox 305 1298 389 1351; x_wconf 87' lang='lat' dir='ltr'><strong>solida</strong></span> <span class='ocrx_word' id='word_1_86' title='bbox 400 1297 514 1366; x_wconf 91' lang='lat' dir='ltr'><strong>imponit</strong></span> <span class='ocrx_word' id='word_1_87' title='bbox 525 1304 662 1350; x_wconf 84' lang='lat' dir='ltr'><strong>taurorum</strong></span> <span class='ocrx_word' id='word_1_88' title='bbox 673 1299 774 1351; x_wconf 87' lang='lat' dir='ltr'><strong>viscera</strong></span> <span class='ocrx_word' id='word_1_89' title='bbox 785 1299 905 1366; x_wconf 88' lang='lat' dir='ltr'><strong>flammis,</strong></span> 
     </span>
    </p>

    <p class='ocr_par' dir='ltr' id='par_1_16' title="bbox 257 1366 960 1435">
     <span class='ocr_line' id='line_1_16' title="bbox 257 1366 960 1435; baseline 0.003 -15"><span class='ocrx_word' id='word_1_90' title='bbox 257 1366 362 1435; x_wconf 84' lang='lat' dir='ltr'><strong>Pingue</strong></span> <span class='ocrx_word' id='word_1_91' title='bbox 374 1384 452 1435; x_wconf 87' lang='lat' dir='ltr'><strong>super</strong></span> <span class='ocrx_word' id='word_1_92' title='bbox 464 1368 551 1419; x_wconf 91' lang='lat' dir='ltr'><strong>oleum</strong></span> <span class='ocrx_word' id='word_1_93' title='bbox 562 1366 706 1418; x_wconf 84' lang='lat' dir='ltr'><strong>infundens</strong></span> <span class='ocrx_word' id='word_1_94' title='bbox 718 1368 872 1420; x_wconf 83' lang='lat' dir='ltr'><strong>ardentibus</strong></span> <span class='ocrx_word' id='word_1_95' title='bbox 885 1370 960 1423; x_wconf 84' lang='lat' dir='ltr'><strong>extis.</strong></span> 
     </span>
    </p>

    <p class='ocr_par' dir='ltr' id='par_1_17' title="bbox 256 1435 909 1505">
     <span class='ocr_line' id='line_1_17' title="bbox 256 1435 909 1505; baseline 0.002 -16"><span class='ocrx_word' id='word_1_96' title='bbox 256 1436 326 1490; x_wconf 82' lang='lat' dir='ltr'><strong>Ecce</strong></span> <span class='ocrx_word' id='word_1_97' title='bbox 338 1441 436 1503; x_wconf 88' lang='lat' dir='ltr'><strong>autem,</strong></span> <span class='ocrx_word' id='word_1_98' title='bbox 447 1436 526 1504; x_wconf 89' lang='lat' dir='ltr'><strong>primi</strong></span> <span class='ocrx_word' id='word_1_99' title='bbox 539 1435 587 1488; x_wconf 91' lang='lat' dir='ltr'><strong>sub</strong></span> <span class='ocrx_word' id='word_1_100' title='bbox 599 1436 704 1488; x_wconf 88' lang='lat' dir='ltr'><strong>lumina</strong></span> <span class='ocrx_word' id='word_1_101' title='bbox 716 1437 777 1489; x_wconf 90' lang='lat' dir='ltr'><strong>solis</strong></span> <span class='ocrx_word' id='word_1_102' title='bbox 790 1443 817 1488; x_wconf 90' lang='lat' dir='ltr'><strong>et</strong></span> <span class='ocrx_word' id='word_1_103' title='bbox 829 1445 909 1505; x_wconf 83' lang='lat' dir='ltr'><strong>ortus,</strong></span> 
     </span>
    </p>

    <p class='ocr_par' dir='ltr' id='par_1_18' title="bbox 257 1505 979 1574">
     <span class='ocr_line' id='line_1_18' title="bbox 257 1505 979 1574; baseline 0.003 -16"><span class='ocrx_word' id='word_1_104' title='bbox 257 1505 313 1558; x_wconf 80' lang='lat' dir='ltr'><strong>Sub</strong></span> <span class='ocrx_word' id='word_1_105' title='bbox 325 1505 437 1574; x_wconf 89' lang='lat' dir='ltr'><strong>pedibus</strong></span> <span class='ocrx_word' id='word_1_106' title='bbox 449 1506 552 1572; x_wconf 87' lang='lat' dir='ltr'><strong>mugire</strong></span> <span class='ocrx_word' id='word_1_107' title='bbox 564 1505 656 1571; x_wconf 86' lang='lat' dir='ltr'><strong>solum,</strong></span> <span class='ocrx_word' id='word_1_108' title='bbox 669 1511 697 1558; x_wconf 89' lang='lat' dir='ltr'><strong>et</strong></span> <span class='ocrx_word' id='word_1_109' title='bbox 705 1507 773 1573; x_wconf 90' lang='lat' dir='ltr'><strong>juga</strong></span> <span class='ocrx_word' id='word_1_110' title='bbox 784 1514 870 1574; x_wconf 90' lang='lat' dir='ltr'><strong>coepta</strong></span> <span class='ocrx_word' id='word_1_111' title='bbox 881 1509 979 1560; x_wconf 86' lang='lat' dir='ltr'><strong>moveri</strong></span> 
     </span>
    </p>

    <p class='ocr_par' dir='ltr' id='par_1_19' title="bbox 257 1573 928 1644">
     <span class='ocr_line' id='line_1_19' title="bbox 257 1573 928 1644; baseline 0 -17"><span class='ocrx_word' id='word_1_112' title='bbox 257 1575 400 1642; x_wconf 84' lang='lat' dir='ltr'><strong>Silvarum,</strong></span> <span class='ocrx_word' id='word_1_113' title='bbox 412 1573 527 1642; x_wconf 85' lang='lat' dir='ltr'><strong>visaeque</strong></span> <span class='ocrx_word' id='word_1_114' title='bbox 539 1591 616 1626; x_wconf 89' lang='lat' dir='ltr'><strong>canes</strong></span> <span class='ocrx_word' id='word_1_115' title='bbox 627 1574 731 1626; x_wconf 76' lang='lat' dir='ltr'><strong>ululare</strong></span> <span class='ocrx_word' id='word_1_116' title='bbox 742 1593 789 1644; x_wconf 90' lang='lat' dir='ltr'><strong>per</strong></span> <span class='ocrx_word' id='word_1_117' title='bbox 800 1575 928 1643; x_wconf 87' lang='lat' dir='ltr'><strong>umbram,</strong></span> 
     </span>
    </p>

    <p class='ocr_par' dir='ltr' id='par_1_20' title="bbox 259 1642 998 1712">
     <span class='ocr_line' id='line_1_20' title="bbox 259 1642 998 1712; baseline -0.001 -17"><span class='ocrx_word' id='word_1_118' title='bbox 259 1644 427 1695; x_wconf 80' lang='lat' dir='ltr'><strong>Adventante</strong></span> <span class='ocrx_word' id='word_1_119' title='bbox 438 1643 494 1694; x_wconf 85' lang='lat' dir='ltr'><strong>dea.</strong></span> <span class='ocrx_word' id='word_1_120' title='bbox 530 1642 650 1693; x_wconf 83' lang='lat' dir='ltr'><strong>“Procul</strong></span> <span class='ocrx_word' id='word_1_121' title='bbox 662 1658 684 1706; x_wconf 86' lang='lat' dir='ltr'><strong>o,</strong></span> <span class='ocrx_word' id='word_1_122' title='bbox 694 1643 784 1710; x_wconf 91' lang='lat' dir='ltr'><strong>procul</strong></span> <span class='ocrx_word' id='word_1_123' title='bbox 797 1650 858 1707; x_wconf 73' lang='lat' dir='ltr'><strong>este,</strong></span> <span class='ocrx_word' id='word_1_124' title='bbox 871 1643 998 1712; x_wconf 84' lang='lat' dir='ltr'><strong>profani,&#39;&#39;</strong></span> 
     </span>
    </p>

    <p class='ocr_par' dir='ltr' id='par_1_21' title="bbox 259 1711 867 1777">
     <span class='ocr_line' id='line_1_21' title="bbox 259 1711 867 1777; baseline -0.002 -14"><span class='ocrx_word' id='word_1_125' title='bbox 259 1711 412 1764; x_wconf 78' lang='lat' dir='ltr'><strong>Conclamat</strong></span> <span class='ocrx_word' id='word_1_126' title='bbox 424 1719 505 1776; x_wconf 89' lang='lat' dir='ltr'><strong>vates,</strong></span> <span class='ocrx_word' id='word_1_127' title='bbox 517 1711 647 1777; x_wconf 87' lang='lat' dir='ltr'><strong>“totoque</strong></span> <span class='ocrx_word' id='word_1_128' title='bbox 660 1711 778 1762; x_wconf 83' lang='lat' dir='ltr'><strong>absistite</strong></span> <span class='ocrx_word' id='word_1_129' title='bbox 790 1711 850 1762; x_wconf 88' lang='lat' dir='ltr'><strong>luco</strong></span> <span class='ocrx_word' id='word_1_130' title='bbox 861 1731 867 1773; x_wconf 90' lang='grc'>;</span> 
     </span>
    </p>

    <p class='ocr_par' dir='ltr' id='par_1_22' title="bbox 258 1779 1100 1848">
     <span class='ocr_line' id='line_1_22' title="bbox 258 1779 1100 1848; baseline -0.001 -17"><span class='ocrx_word' id='word_1_131' title='bbox 258 1779 351 1848; x_wconf 69' lang='lat' dir='ltr'><strong>Tuque</strong></span> <span class='ocrx_word' id='word_1_132' title='bbox 362 1780 458 1831; x_wconf 82' lang='lat' dir='ltr'><strong>invade</strong></span> <span class='ocrx_word' id='word_1_133' title='bbox 470 1780 547 1844; x_wconf 85' lang='lat' dir='ltr'><strong>viam,</strong></span> <span class='ocrx_word' id='word_1_134' title='bbox 560 1780 710 1846; x_wconf 86' lang='lat' dir='ltr'><strong>vaginaque</strong></span> <span class='ocrx_word' id='word_1_135' title='bbox 721 1780 791 1846; x_wconf 92' lang='lat' dir='ltr'><strong>eripe</strong></span> <span class='ocrx_word' id='word_1_136' title='bbox 801 1780 900 1830; x_wconf 87' lang='lat' dir='ltr'><strong>ferrum</strong></span> <span class='ocrx_word' id='word_1_137' title='bbox 912 1797 917 1830; x_wconf 94' lang='lat'>:</span> <span class='ocrx_word' id='word_1_138' title='bbox 1050 1783 1100 1831; x_wconf 77' lang='lat'><strong>200</strong></span> 
     </span>
    </p>

    <p class='ocr_par' dir='ltr' id='par_1_23' title="bbox 258 1847 949 1915">
     <span class='ocr_line' id='line_1_23' title="bbox 258 1847 949 1915; baseline -0.003 -15"><span class='ocrx_word' id='word_1_139' title='bbox 258 1849 340 1900; x_wconf 90' lang='lat' dir='ltr'><strong>Nunc</strong></span> <span class='ocrx_word' id='word_1_140' title='bbox 353 1848 447 1900; x_wconf 87' lang='lat' dir='ltr'><strong>animis</strong></span> <span class='ocrx_word' id='word_1_141' title='bbox 460 1864 532 1914; x_wconf 85' lang='lat' dir='ltr'><strong>opus,</strong></span> <span class='ocrx_word' id='word_1_142' title='bbox 545 1847 636 1911; x_wconf 83' lang='lat' dir='ltr'><strong>AEnea‚</strong></span> <span class='ocrx_word' id='word_1_143' title='bbox 650 1864 722 1898; x_wconf 89' lang='lat' dir='ltr'><strong>nunc</strong></span> <span class='ocrx_word' id='word_1_144' title='bbox 734 1855 838 1915; x_wconf 89' lang='lat' dir='ltr'><strong>pectore</strong></span> <span class='ocrx_word' id='word_1_145' title='bbox 848 1848 949 1899; x_wconf 86' lang='lat' dir='ltr'><strong>firmo.&#39;&#39;</strong></span> 
     </span>
    </p>

    <p class='ocr_par' dir='ltr' id='par_1_24' title="bbox 259 1915 943 1984">
     <span class='ocr_line' id='line_1_24' title="bbox 259 1915 943 1984; baseline -0.003 -15"><span class='ocrx_word' id='word_1_146' title='bbox 259 1917 378 1969; x_wconf 72' lang='lat' dir='ltr'><strong>Tantum</strong></span> <span class='ocrx_word' id='word_1_147' title='bbox 389 1915 475 1983; x_wconf 83' lang='lat' dir='ltr'><strong>effata,</strong></span> <span class='ocrx_word' id='word_1_148' title='bbox 487 1915 577 1967; x_wconf 82' lang='lat' dir='ltr'><strong>furens</strong></span> <span class='ocrx_word' id='word_1_149' title='bbox 589 1921 665 1966; x_wconf 84' lang='lat' dir='ltr'><strong>antro</strong></span> <span class='ocrx_word' id='word_1_150' title='bbox 678 1931 705 1966; x_wconf 93' lang='lat' dir='ltr'><strong>se</strong></span> <span class='ocrx_word' id='word_1_151' title='bbox 717 1915 827 1966; x_wconf 87' lang='lat' dir='ltr'><strong>immisit</strong></span> <span class='ocrx_word' id='word_1_152' title='bbox 838 1922 943 1984; x_wconf 82' lang='lat' dir='ltr'><strong>aperto:</strong></span> 
     </span>
    </p>

    <p class='ocr_par' dir='ltr' id='par_1_25' title="bbox 260 1983 1103 2122">
     <span class='ocr_line' id='line_1_25' title="bbox 260 1983 1080 2051; baseline -0.005 -13"><span class='ocrx_word' id='word_1_153' title='bbox 260 1985 311 2038; x_wconf 94' lang='lat' dir='ltr'><strong>Ille</strong></span> <span class='ocrx_word' id='word_1_154' title='bbox 324 1987 418 2037; x_wconf 91' lang='lat' dir='ltr'><strong>ducem</strong></span> <span class='ocrx_word' id='word_1_155' title='bbox 429 1985 501 2036; x_wconf 89' lang='lat' dir='ltr'><strong>haud</strong></span> <span class='ocrx_word' id='word_1_156' title='bbox 514 1983 614 2036; x_wconf 90' lang='lat' dir='ltr'><strong>timidis</strong></span> <span class='ocrx_word' id='word_1_157' title='bbox 626 1984 767 2035; x_wconf 89' lang='lat' dir='ltr'><strong>vadentem</strong></span> <span class='ocrx_word' id='word_1_158' title='bbox 779 1984 897 2051; x_wconf 87' lang='lat' dir='ltr'><strong>passibus</strong></span> <span class='ocrx_word' id='word_1_159' title='bbox 909 1988 1004 2050; x_wconf 85' lang='lat' dir='ltr'><strong>aequat.</strong></span> <span class='ocrx_word' id='word_1_160' title='bbox 1077 2016 1080 2021; x_wconf 97' lang='lat'>-</span> 
     </span>
     <span class='ocr_line' id='line_1_26' title="bbox 295 2053 1103 2122; baseline -0.005 -16"><span class='ocrx_word' id='word_1_161' title='bbox 295 2054 339 2119; x_wconf 89' lang='lat' dir='ltr'><strong>Di,</strong></span> <span class='ocrx_word' id='word_1_162' title='bbox 349 2053 445 2122; x_wconf 88' lang='lat' dir='ltr'><strong>quibus</strong></span> <span class='ocrx_word' id='word_1_163' title='bbox 457 2053 598 2121; x_wconf 90' lang='lat' dir='ltr'><strong>imperium</strong></span> <span class='ocrx_word' id='word_1_164' title='bbox 607 2059 646 2104; x_wconf 89' lang='lat' dir='ltr'><strong>est</strong></span> <span class='ocrx_word' id='word_1_165' title='bbox 658 2053 814 2119; x_wconf 82' lang='lat' dir='ltr'><strong>animarum,</strong></span> <span class='ocrx_word' id='word_1_166' title='bbox 820 2053 978 2120; x_wconf 87' lang='lat' dir='ltr'><strong>Umbrseque</strong></span> <span class='ocrx_word' id='word_1_167' title='bbox 990 2053 1103 2115; x_wconf 84' lang='lat' dir='ltr'><strong>silentes,</strong></span> 
     </span>
    </p>

    <p class='ocr_par' dir='ltr' id='par_1_26' title="bbox 260 2122 982 2190">
     <span class='ocr_line' id='line_1_27' title="bbox 260 2122 982 2190; baseline -0.007 -13"><span class='ocrx_word' id='word_1_168' title='bbox 260 2124 297 2177; x_wconf 87' lang='lat' dir='ltr'><strong>Et</strong></span> <span class='ocrx_word' id='word_1_169' title='bbox 310 2124 402 2190; x_wconf 78' lang='lat' dir='ltr'><strong>Chaos,</strong></span> <span class='ocrx_word' id='word_1_170' title='bbox 413 2128 441 2175; x_wconf 90' lang='lat' dir='ltr'><strong>et</strong></span> <span class='ocrx_word' id='word_1_171' title='bbox 452 2122 624 2189; x_wconf 87' lang='lat' dir='ltr'><strong>Phlegethon,</strong></span> <span class='ocrx_word' id='word_1_172' title='bbox 637 2122 694 2174; x_wconf 91' lang='lat' dir='ltr'><strong>loca</strong></span> <span class='ocrx_word' id='word_1_173' title='bbox 705 2128 782 2174; x_wconf 87' lang='lat' dir='ltr'><strong>nocte</strong></span> <span class='ocrx_word' id='word_1_174' title='bbox 794 2123 910 2174; x_wconf 84' lang='lat' dir='ltr'><strong>tacentia</strong></span> <span class='ocrx_word' id='word_1_175' title='bbox 922 2123 982 2188; x_wconf 87' lang='lat' dir='ltr'><strong>late,</strong></span> 
     </span>
    </p>

    <p class='ocr_par' dir='ltr' id='par_1_27' title="bbox 261 2190 912 2258">
     <span class='ocr_line' id='line_1_28' title="bbox 261 2190 912 2258; baseline -0.002 -13"><span class='ocrx_word' id='word_1_176' title='bbox 261 2193 303 2246; x_wconf 80' lang='lat' dir='ltr'><strong>sit</strong></span> <span class='ocrx_word' id='word_1_177' title='bbox 314 2192 382 2244; x_wconf 89' lang='lat' dir='ltr'><strong>mihi</strong></span> <span class='ocrx_word' id='word_1_178' title='bbox 393 2192 434 2244; x_wconf 88' lang='lat' dir='ltr'><strong>las</strong></span> <span class='ocrx_word' id='word_1_179' title='bbox 446 2191 539 2244; x_wconf 85' lang='lat' dir='ltr'><strong>eudita</strong></span> <span class='ocrx_word' id='word_1_180' title='bbox 550 2190 623 2258; x_wconf 89' lang='lat' dir='ltr'><strong>loqui</strong></span> <span class='ocrx_word' id='word_1_181' title='bbox 633 2210 640 2255; x_wconf 93' lang='lat'>;</span> <span class='ocrx_word' id='word_1_182' title='bbox 658 2191 693 2244; x_wconf 91' lang='lat' dir='ltr'><strong>sit</strong></span> <span class='ocrx_word' id='word_1_183' title='bbox 705 2193 814 2243; x_wconf 89' lang='lat' dir='ltr'><strong>numine</strong></span> <span class='ocrx_word' id='word_1_184' title='bbox 826 2199 912 2244; x_wconf 87' lang='lat' dir='ltr'><strong>vostro</strong></span> 
     </span>
    </p>

    <p class='ocr_par' dir='ltr' id='par_1_28' title="bbox 261 2260 862 2327">
     <span class='ocr_line' id='line_1_29' title="bbox 261 2260 862 2327; baseline 0 -13"><span class='ocrx_word' id='word_1_185' title='bbox 261 2261 381 2314; x_wconf 88' lang='lat' dir='ltr'><strong>Pandere</strong></span> <span class='ocrx_word' id='word_1_186' title='bbox 393 2278 434 2312; x_wconf 91' lang='lat' dir='ltr'><strong>res</strong></span> <span class='ocrx_word' id='word_1_187' title='bbox 446 2261 502 2313; x_wconf 87' lang='lat' dir='ltr'><strong>alta</strong></span> <span class='ocrx_word' id='word_1_188' title='bbox 513 2267 583 2312; x_wconf 88' lang='lat' dir='ltr'><strong>terra</strong></span> <span class='ocrx_word' id='word_1_189' title='bbox 595 2266 622 2311; x_wconf 90' lang='lat' dir='ltr'><strong>et</strong></span> <span class='ocrx_word' id='word_1_190' title='bbox 634 2260 747 2327; x_wconf 83' lang='lat' dir='ltr'><strong>caligine</strong></span> <span class='ocrx_word' id='word_1_191' title='bbox 758 2278 862 2314; x_wconf 90' lang='lat' dir='ltr'><strong>mersas.</strong></span> 
     </span>
    </p>

    <p class='ocr_par' dir='ltr' id='par_1_29' title="bbox 262 2329 870 2397">
     <span class='ocr_line' id='line_1_30' title="bbox 262 2329 870 2397; baseline -0.003 -14"><span class='ocrx_word' id='word_1_192' title='bbox 262 2331 344 2383; x_wconf 87' lang='lat' dir='ltr'><strong>Ibant</strong></span> <span class='ocrx_word' id='word_1_193' title='bbox 355 2329 458 2383; x_wconf 88' lang='lat' dir='ltr'><strong>obscuri</strong></span> <span class='ocrx_word' id='word_1_194' title='bbox 469 2330 524 2382; x_wconf 90' lang='lat' dir='ltr'><strong>sola</strong></span> <span class='ocrx_word' id='word_1_195' title='bbox 537 2329 585 2381; x_wconf 90' lang='lat' dir='ltr'><strong>sub</strong></span> <span class='ocrx_word' id='word_1_196' title='bbox 596 2336 673 2381; x_wconf 89' lang='lat' dir='ltr'><strong>nocte</strong></span> <span class='ocrx_word' id='word_1_197' title='bbox 685 2347 732 2397; x_wconf 92' lang='lat' dir='ltr'><strong>per</strong></span> <span class='ocrx_word' id='word_1_198' title='bbox 744 2329 870 2397; x_wconf 83' lang='lat' dir='ltr'><strong>umbram,</strong></span> 
     </span>
    </p>

    <p class='ocr_par' dir='ltr' id='par_1_30' title="bbox 262 2398 908 2466">
     <span class='ocr_line' id='line_1_31' title="bbox 262 2398 908 2466; baseline 0 -14"><span class='ocrx_word' id='word_1_199' title='bbox 262 2399 314 2452; x_wconf 88' lang='lat' dir='ltr'><strong>Per</strong></span> <span class='ocrx_word' id='word_1_200' title='bbox 331 2417 365 2451; x_wconf 91' lang='lat' dir='ltr'><strong>ue</strong></span> <span class='ocrx_word' id='word_1_201' title='bbox 378 2399 466 2451; x_wconf 90' lang='lat' dir='ltr'><strong>domos</strong></span> <span class='ocrx_word' id='word_1_202' title='bbox 478 2399 549 2451; x_wconf 89' lang='lat' dir='ltr'><strong>Ditis</strong></span> <span class='ocrx_word' id='word_1_203' title='bbox 562 2416 666 2465; x_wconf 83' lang='lat' dir='ltr'><strong>vacuas,</strong></span> <span class='ocrx_word' id='word_1_204' title='bbox 679 2406 706 2450; x_wconf 91' lang='lat' dir='ltr'><strong>et</strong></span> <span class='ocrx_word' id='word_1_205' title='bbox 717 2398 808 2450; x_wconf 89' lang='lat' dir='ltr'><strong>inania</strong></span> <span class='ocrx_word' id='word_1_206' title='bbox 819 2417 908 2466; x_wconf 81' lang='lat' dir='ltr'><strong>regna</strong></span> 
     </span>
    </p>

    <p class='ocr_par' dir='ltr' id='par_1_31' title="bbox 263 2417 1105 2590">
     <span class='ocr_line' id='line_1_32' title="bbox 263 2417 922 2590; baseline 0 0"><span class='ocrx_word' id='word_1_207' title='bbox 263 2417 922 2590; x_wconf 47' lang='lat' dir='ltr'><strong>rescripserimus</strong></span> 
     </span>
    </p>

    <p class='ocr_par' dir='ltr' id='par_1_32' title="bbox 264 2607 899 2676">
     <span class='ocr_line' id='line_1_33' title="bbox 264 2607 899 2676; baseline 0.003 -18"><span class='ocrx_word' id='word_1_208' title='bbox 264 2607 381 2676; x_wconf 87' lang='lat' dir='ltr'><strong>Jupiter,</strong></span> <span class='ocrx_word' id='word_1_209' title='bbox 394 2613 421 2658; x_wconf 92' lang='lat' dir='ltr'><strong>et</strong></span> <span class='ocrx_word' id='word_1_210' title='bbox 432 2607 511 2659; x_wconf 85' lang='lat' dir='ltr'><strong>rebus</strong></span> <span class='ocrx_word' id='word_1_211' title='bbox 522 2624 576 2657; x_wconf 84' lang='lat' dir='ltr'><strong>nox</strong></span> <span class='ocrx_word' id='word_1_212' title='bbox 588 2607 699 2658; x_wconf 90' lang='lat' dir='ltr'><strong>abstulit</strong></span> <span class='ocrx_word' id='word_1_213' title='bbox 711 2614 769 2659; x_wconf 84' lang='lat' dir='ltr'><strong>utra</strong></span> <span class='ocrx_word' id='word_1_214' title='bbox 780 2607 899 2660; x_wconf 90' lang='lat' dir='ltr'><strong>colorem.</strong></span> 
     </span>
    </p>

    <p class='ocr_par' dir='ltr' id='par_1_33' title="bbox 265 2674 1010 2743">
     <span class='ocr_line' id='line_1_34' title="bbox 265 2674 1010 2743; baseline -0.001 -15"><span class='ocrx_word' id='word_1_215' title='bbox 265 2675 435 2728; x_wconf 87' lang='lat' dir='ltr'><strong>Vestibulum</strong></span> <span class='ocrx_word' id='word_1_216' title='bbox 446 2681 509 2727; x_wconf 89' lang='lat' dir='ltr'><strong>ante</strong></span> <span class='ocrx_word' id='word_1_217' title='bbox 521 2676 608 2743; x_wconf 87' lang='lat' dir='ltr'><strong>ipsum</strong></span> <span class='ocrx_word' id='word_1_218' title='bbox 620 2676 762 2743; x_wconf 87' lang='lat' dir='ltr'><strong>primisque</strong></span> <span class='ocrx_word' id='word_1_219' title='bbox 775 2674 803 2725; x_wconf 92' lang='lat' dir='ltr'><strong>in</strong></span> <span class='ocrx_word' id='word_1_220' title='bbox 815 2675 936 2727; x_wconf 86' lang='lat' dir='ltr'><strong>faucibus</strong></span> <span class='ocrx_word' id='word_1_221' title='bbox 949 2674 1010 2727; x_wconf 92' lang='lat' dir='ltr'><strong>Orci</strong></span> 
     </span>
    </p>

    <p class='ocr_par' dir='ltr' id='par_1_34' title="bbox 265 2743 871 2813">
     <span class='ocr_line' id='line_1_35' title="bbox 265 2743 871 2813; baseline 0.007 -15"><span class='ocrx_word' id='word_1_222' title='bbox 265 2744 367 2798; x_wconf 77' lang='lat' dir='ltr'><strong>Luctus</strong></span> <span class='ocrx_word' id='word_1_223' title='bbox 379 2751 406 2797; x_wconf 89' lang='lat' dir='ltr'><strong>et</strong></span> <span class='ocrx_word' id='word_1_224' title='bbox 418 2745 524 2797; x_wconf 87' lang='lat' dir='ltr'><strong>ultrices</strong></span> <span class='ocrx_word' id='word_1_225' title='bbox 533 2762 645 2813; x_wconf 87' lang='lat' dir='ltr'><strong>posuere</strong></span> <span class='ocrx_word' id='word_1_226' title='bbox 657 2743 758 2800; x_wconf 84' lang='lat' dir='ltr'><strong>cubilia</strong></span> <span class='ocrx_word' id='word_1_227' title='bbox 769 2744 871 2813; x_wconf 54' lang='grc' dir='ltr'><strong>(ἕως</strong></span> 
     </span>
    </p>
   </div>
   <div class='ocr_carea' id='block_1_3' title="bbox 260 2813 1024 2895">
    <p class='ocr_par' dir='ltr' id='par_1_35' title="bbox 260 2813 1024 2895">
     <span class='ocr_line' id='line_1_36' title="bbox 260 2813 1024 2895; baseline 0.009 -32"><span class='ocrx_word' id='word_1_228' title='bbox 260 2813 444 2881; x_wconf 67' lang='lat' dir='ltr'><strong>Pellaeusque</strong></span> <span class='ocrx_word' id='word_1_229' title='bbox 453 2813 584 2872; x_wconf 80' lang='lat' dir='ltr'><strong>hahrtant</strong></span> <span class='ocrx_word' id='word_1_230' title='bbox 595 2816 697 2894; x_wconf 88' lang='lat' dir='ltr'><strong>Morbi,</strong></span> <span class='ocrx_word' id='word_1_231' title='bbox 710 2819 859 2895; x_wconf 84' lang='lat' dir='ltr'><strong>tristisque</strong></span> <span class='ocrx_word' id='word_1_232' title='bbox 869 2819 1024 2884; x_wconf 60' lang='lat' dir='ltr'><strong>Senectus,</strong></span> 
     </span>
    </p>
   </div>
   <div class='ocr_carea' id='block_1_4' title="bbox 0 0 1374 3242">
    <p class='ocr_par' dir='ltr' id='par_1_36' title="bbox 0 0 1374 3242">
     <span class='ocr_line' id='line_1_37' title="bbox 0 0 1374 3242; baseline 0 0"><span class='ocrx_word' id='word_1_233' title='bbox 0 0 1374 3242; x_wconf 95' lang='lat' dir='ltr'><strong> </strong></span> 
     </span>
    </p>
   </div>
  </div>
 </body>
</html>
