2700 3242
369 294 534 350 amoos
552 296 619 352 LIB.
638 296 686 351 lX.
907 297 960 348 279

224 393 250 446 ai
263 400 389 463 superant
400 396 489 462 fossae,
502 397 639 465 noctisque
652 415 699 466 per
711 395 833 451 umbram

224 463 322 516 nimico
335 471 439 533 petunt,
451 465 544 518 multis
556 472 646 518 tamen
658 474 722 519 ante
733 468 818 520 futuri

245 532 346 584 Passim
360 550 449 587 somno
461 535 575 603 vinoque
587 552 634 603 per
646 535 759 591 herbam

236 601 296 654 fusa
307 602 407 668 vident,
419 610 533 656 arrectos
545 603 622 656 litore
636 622 736 670 currus,

223 687 253 722 ra
265 676 386 738 rotasque
400 672 476 738 viros,
489 673 568 725 simul
580 691 654 725 arma
662 675 759 741 jacere,

224 739 280 792 nul.
316 740 391 792 Prior
403 740 563 806 Hyrtacides
575 742 613 794 sic
625 760 668 795 ore
682 742 802 796 locutus:

224 806 256 870 le,
268 805 419 857 audendum
431 807 532 859 dextra.
567 805 592 856 N
594 822 646 856 unc
658 807 716 872 ipsa
729 817 805 859 vocat
817 825 865 858 res.
899 809 952 860 320

224 879 294 927 rest.
330 875 376 941 Tu,
389 892 423 927 ne
435 891 488 942 qna
499 891 594 926 manus
608 892 634 927 se
647 874 768 927 attollere
781 875 855 928 nobis

235 944 323 1012 possit,
337 943 439 996 custodi
451 950 478 995 et
491 944 596 995 consule
609 943 694 1011 longe.

223 1030 238 1064 o
250 1018 325 1065 vasta
337 1013 411 1078 dabo,
425 1019 452 1064 et
464 1013 518 1064 lato
531 1017 558 1064 te
570 1012 655 1064 limite
667 1008 785 1065 ducam.''

224 1087 303 1147 norat,
315 1099 456 1149 vocemque
468 1081 565 1150 premit
575 1100 582 1145 ;
600 1082 678 1133 simul
691 1099 752 1134 ense
764 1081 906 1164 superbum

224 1157 289 1203 etem
301 1151 461 1218 aggreditur,
474 1151 520 1218 qui
532 1152 600 1202 forte
612 1151 746 1218 tapetibus
758 1151 820 1204 altis

224 1226 272 1271 :tus
284 1225 340 1272 toto
352 1219 480 1287 proflabat
491 1225 596 1287 pectore
608 1237 728 1272 somnum
739 1239 746 1284 ;

224 1306 263 1356 rm,
276 1295 303 1340 et
315 1290 371 1356 regi
383 1289 471 1340 Turno
483 1289 647 1356 gratissimus
660 1306 762 1356 augur:

224 1377 231 1409 ι
242 1358 353 1425 augurio
365 1359 454 1426 potuit
466 1358 596 1426 depellere
608 1365 716 1426 pestem.

224 1433 267 1479 sta
278 1427 391 1479 famulos
404 1433 501 1479 temere
514 1428 584 1480 inter
596 1428 651 1480 tela
659 1429 785 1495 jacentes,

224 1514 334 1564 rumque
348 1497 421 1548 Remi
435 1497 538 1565 premit,
551 1497 724 1564 aurigamque
737 1494 785 1547 sub
797 1495 860 1564 ipsis
907 1498 960 1548 330

229 1566 319 1632 equis;
337 1565 457 1633 ferroque
470 1572 540 1618 secat
553 1566 696 1633 pendentia
708 1565 781 1618 colla.

224 1640 277 1702 put
289 1634 339 1702 ipsi
351 1635 438 1686 aufert
451 1635 556 1687 domino
570 1641 745 1703 truncumque
756 1634 882 1703 relinquit

224 1720 251 1755 re
263 1703 454 1770 singultantem
465 1724 471 1766 ;
490 1711 547 1756 atro
560 1710 586 1756 te
606 1705 692 1757 efacta
704 1722 795 1756 cruore

224 1772 306 1840 >rique
315 1773 430 1825 madent.
455 1775 572 1825 Necnon
585 1722 960 1842 liamyrumquehamumque,

224 1858 287 1893 >nem
299 1841 448 1908 Sarranum,
461 1843 508 1895 illa
520 1843 566 1911 qui
580 1842 695 1910 plurima
706 1850 784 1896 nocto

224 1929 235 1978 ;,
247 1911 357 1979 insignis
369 1912 443 1978 facie,
456 1912 592 1980 multoque
601 1911 708 1979 jacebat

224 1998 237 2032 a
250 1980 297 2031 deo
309 1981 411 2033 victus:
429 1981 502 2044 felix,
516 1981 537 2032 si
550 1987 674 2048 protenus
688 1981 764 2033 illum

224 2056 257 2101 set
269 2050 340 2102 nocti
352 2049 445 2101 ludum
457 2051 486 2101 in
498 2050 635 2118 lucemque
648 2050 759 2102 tulisset.

224 2136 252 2170 us
264 2135 312 2170 ceu
325 2118 403 2187 plena
414 2118 455 2170 leo
468 2137 514 2187 per
525 2119 605 2172 ovilia
618 2118 727 2171 turbans
738 2138 745 2182 ;

229 2188 299 2239 enim
311 2205 407 2240 vesana
419 2189 518 2253 fames;
535 2188 690 2256 manditque
704 2187 837 2256 trahitque
910 2189 962 2240 340

224 2274 291 2308 >eous
302 2264 460 2324 mutumque
471 2265 545 2309 metu
556 2276 563 2321 ;
581 2257 670 2310 fremit
683 2275 726 2310 ore
738 2263 853 2310 cruento.

224 2343 271 2378 nor
284 2326 393 2394 Euryali
406 2326 505 2379 caedes:
524 2327 646 2378 incensus
659 2333 687 2378 et
699 2327 755 2394 ipse

224 2402 236 2447 t
246 2414 252 2458 ;
270 2413 301 2447 ac
313 2395 426 2448 multam
437 2396 467 2447 in
479 2397 564 2448 medio
577 2396 632 2447 sine
644 2397 750 2449 nomine
761 2394 872 2464 plebem,

224 2482 274 2532 que
287 2465 485 2532 Herbesumque
498 2465 576 2531 subit,
590 2465 774 2532 Rhoetumque,
788 2463 955 2532 Abarimque,

224 2551 247 2597 s;
266 2533 392 2586 Rhoetum
404 2535 566 2601 vigilantem,
580 2540 607 2586 et
619 2542 715 2586 cuncta
728 2534 879 2597 videntem3

224 2620 310 2670 gnum
321 2609 441 2655 metuens
453 2621 480 2654 se
492 2609 550 2671 post
563 2610 664 2655 cratera
675 2603 797 2670 tegebat:

224 2690 229 2723 r
241 2672 270 2722 in
282 2672 390 2724 adverso
402 2678 489 2725 totum
502 2673 545 2724 oui
557 2673 674 2724 cominus
687 2688 776 2724 ensem

224 2741 245 2792 it
257 2742 411 2809 assurgenti,
424 2747 451 2794 et
463 2741 549 2796 multa
560 2749 645 2796 morte
655 2741 768 2812 recepit.

224 2826 279 2860 eam
294 2810 375 2863 vomit
385 2811 432 2865 ille
444 2812 573 2886 animam,
587 2821 698 2872 etcum
708 2807 956 2882 sangmneniffl
1021 2842 1030 2853 ·
