2700 3242
271 263 322 312 194
506 259 534 313 P.
554 259 708 315 vnedlnn
727 262 890 318 MARONIS

271 361 399 414 Ascanius
410 361 433 416 :''
451 362 554 430 galeam
565 370 628 417 ante
640 365 718 434 pedes
730 369 839 436 projecit
851 371 965 439 inanem,

272 436 332 497 Qua
343 432 406 485 ludo
418 433 529 487 indutus
540 434 603 487 belli
615 436 756 488 simulacra
767 436 860 490 ciebat

271 502 409 556 Accelerat
422 503 500 555 simul
513 503 617 571 AEneas,
629 505 708 557 simul
720 507 828 574 agmina
839 507 977 561 Teucrum

272 570 323 624 Ast
334 571 388 624 illae
400 572 503 625 diversa
514 579 588 626 metu
600 591 647 643 per
657 574 737 627 litora
749 577 847 643 passim

272 640 426 709 Diffugiunt
436 660 443 705 3
461 642 600 710 silvasque,
612 648 640 694 et
652 643 736 695 sicubi
748 661 864 697 concava
874 645 969 698 furtim

272 709 344 763 Saxa
355 717 458 779 petunt.
493 711 572 778 Piget
583 711 683 780 incepti
695 713 821 782 lucisque,
834 731 946 783 suosque

272 778 387 833 Mutatus
453 787 554 849 oscunt,
566 796 727 850 excussaque
739 789 843 851 pectore
855 784 874 836 J
875 801 928 836 uno
941 790 988 838 cst.

273 847 411 902 Sednoni
430 850 497 901 circo
509 849 620 902 flammae
632 856 714 918 etque
726 851 927 906 incendiarires
1069 856 1121 908 680

274 917 421 971 Indomitos
433 935 559 987 posuere:
577 918 630 971 udo
642 919 692 971 sub
702 920 793 973 robore
804 922 873 975 vivit

273 985 378 1056 Stuppa
390 1004 496 1039 vomens
508 987 615 1040 tardum
626 989 739 1057 fumum,
751 990 892 1059 lentusque
903 991 1007 1044 cannes

272 1055 323 1109 Est
335 1073 422 1125 vapor,
435 1061 462 1109 et
475 1061 531 1109 toto
542 1057 678 1110 descendit
690 1076 796 1127 corpore
807 1061 888 1129 pestis
898 1079 906 1124 ;

272 1123 330 1178 Nec
342 1126 410 1178 vires
422 1125 531 1178 heroum
542 1126 683 1195 infusaque
695 1127 807 1181 flumina
818 1135 936 1197 prosunt.

273 1192 342 1246 Tum
354 1195 415 1264 pius
427 1195 524 1247 AEneas
536 1195 652 1249 humeris
664 1194 817 1250 abscindere
829 1204 936 1264 vestem,

274 1262 436 1332 Auxilioque
448 1281 540 1317 vocare
552 1265 620 1333 deos,
633 1271 660 1318 et
672 1266 780 1319 tendere
792 1267 910 1336 palmas:

276 1329 407 1400 “Jupiter
417 1335 588 1416 omnipotens,
602 1338 753 1389 sinendum
766 1354 859 1390 exosus
870 1337 905 1391 ad
918 1353 1003 1390 unum

275 1404 407 1473 Trojanos,
420 1405 443 1457 si
455 1405 519 1473 quid
531 1405 616 1472 pietas
628 1403 739 1471 antiqua
751 1403 851 1456 labores

277 1473 395 1542 Respicit
407 1474 543 1539 humanos,
556 1473 590 1526 da
601 1473 735 1525 flammam
747 1473 857 1525 evadere
870 1472 947 1526 classi

278 1543 366 1610 Nunc,
378 1543 465 1608 Pater,
477 1549 504 1594 et
517 1548 610 1595 tenues
621 1542 752 1594 Teucrum
763 1559 805 1594 res
816 1543 888 1611 eripe
899 1543 960 1596 leto.
1072 1547 1123 1597 600

278 1612 327 1664 Vel
340 1620 378 1679 tu,
391 1613 461 1681 quod
473 1617 597 1679 superest,
609 1611 706 1663 infesto
717 1611 830 1663 fulmine
841 1612 926 1676 morti,

278 1682 307 1734 Si
318 1699 425 1747 mereor,
438 1680 554 1746 demitte,
567 1688 666 1749 tuaque
678 1679 722 1732 hic
734 1680 814 1732 obrue
826 1681 942 1734 dextra?

279 1750 332 1802 Vix
344 1751 400 1803 haec
412 1749 537 1815 ediderat,
551 1767 633 1817 quum
645 1749 734 1802 effusis
746 1748 873 1802 imbribus
885 1757 944 1803 atra

278 1819 430 1888 Tempestas
443 1819 498 1870 sine
510 1836 581 1871 more
593 1819 667 1886 furit,
680 1818 833 1886 tonitruque
845 1820 1003 1872 tremiscunt

279 1889 371 1941 Ardua
382 1895 513 1940 terrarum
524 1892 551 1940 et
563 1888 649 1956 campi
659 1906 667 1951 ;
684 1888 740 1939 ruit
752 1888 849 1940 aethere
861 1893 917 1941 toto

279 1958 411 2011 Turbidus
423 1957 507 2010 imber
518 1974 588 2025 equa
600 1957 740 2024 densisque
751 1958 909 2024 nigerrimus
922 1957 1030 2011 Austris
1042 1977 1050 2022 3

281 2028 483 2096 implenturque
495 2043 573 2095 super
584 2043 686 2094 puppes
697 2045 705 2089 ς
723 2027 848 2079 semiusta
859 2027 1017 2079 madescunt

282 2097 401 2161 Robore3
419 2097 560 2148 restinctus
572 2095 654 2147 donec
665 2111 748 2163 vapor
759 2095 850 2162 omnis,
863 2100 890 2148 et
901 2112 999 2161 omnes,

282 2167 401 2231 Quatuer
413 2166 521 2231 amissis,
534 2172 643 2217 servatae
654 2181 671 2216 a
683 2169 757 2232 peste
769 2165 872 2217 carinis.

316 2237 354 2288 At
365 2241 441 2304 pater
451 2234 555 2300 Eneca,
568 2250 631 2285 casu
643 2249 783 2285 conmissus
795 2232 894 2301 acerbo,
1077 2236 1126 2289 700

281 2305 361 2358 Nunc
373 2305 426 2356 huc
437 2304 558 2371 ingentes
570 2320 642 2355 nunc
654 2302 719 2354 illuc
730 2307 835 2371 pectore
847 2319 923 2355 curus

282 2374 408 2428 Mutabat
420 2390 542 2425 versans:
561 2371 690 2424 Siculisne
701 2371 827 2424 resideret
838 2373 917 2440 arvis,

284 2444 388 2496 Oblitus
400 2443 523 2508 fatorum,
536 2441 653 2493 Italasne
666 2457 697 2492 ce
770 2447 811 2493 ret
823 2458 887 2494 oras

283 2512 351 2565 Turn
364 2511 448 2563 senior
460 2511 568 2578 Nautes,
580 2527 665 2562 unum
715 2510 796 2563 'tonia
808 2509 896 2562 Pallas

285 2582 369 2646 Quem
382 2580 479 2647 docuit,
490 2580 628 2649 multaque
640 2579 770 2647 insignem
782 2579 898 2632 reddidit
909 2585 974 2649 arte,

279 2651 351 2703 Hac
360 2667 403 2703 res
438 2667 486 2702 nse
498 2649 585 2716 debat,
597 2649 640 2703 vel
652 2666 712 2718 quae
724 2648 891 2717 portenderet
902 2649 943 2702 ira

265 2719 376 2790 Magna
409 2720 480 2793 esim,
495 2720 537 2778 vel
551 2738 612 2795 quae
624 2720 743 2776 istorum
751 2725 868 2788 posceret
879 2719 949 2773 ordo.

251 2788 342 2865 Isque
354 2793 404 2852 sa
414 2793 537 2855 neem
551 2796 658 2855 solatus
669 2791 782 2851 recites
790 2788 871 2845 aas.
