2700 3242
624 320 725 375 cuuis.
1051 315 1102 369 397

255 427 364 481 Postera
375 426 423 479 lux
435 425 482 477 ubi
493 426 556 478 laeta
567 423 637 478 diem
649 423 803 477 mortalibus
815 424 922 491 almum,

255 497 292 550 Et
303 497 390 565 gelido
402 496 509 548 veniens
520 495 593 547 mani
605 494 741 563 quatiebat
753 494 787 546 ab
800 494 870 560 OEta,
1046 494 1099 546 350

256 566 342 631 Quem
353 565 455 634 pavidae
467 565 575 617 alternis
587 564 706 631 fugitant
718 569 864 632 optantque
875 561 1014 632 puellm,-

256 635 415 704 Hesperium
426 635 520 697 vitant,
533 638 627 702 optant
639 633 772 685 ardescere
784 633 908 700 solem,—

256 704 398 773 Praeceptis
410 710 485 772 paret
497 704 571 770 virgo
583 702 701 769 nutricis,
714 715 741 755 et
753 719 841 754 omnes

256 774 380 842 Undique
392 773 524 840 conquirit
536 772 654 824 nubendi
666 772 758 824 sedula
769 789 868 825 causas.

256 843 406 896 Tentantur
417 842 510 911 patriae
522 842 655 893 submissis
667 841 775 893 vocibus
786 858 869 907 aures,

256 912 463 979 Laudenturque
474 911 549 963 bonae
561 911 632 980 pacis
644 909 728 963 bona:
745 910 847 963 multus
858 911 955 980 inepta

257 982 376 1050 Virginis
387 980 493 1033 insolito
506 997 587 1032 sermo
599 997 683 1032 novus
694 985 764 1032 errat
775 981 805 1032 in
817 997 866 1033 ore

256 1051 284 1104 N
284 1068 336 1103 unc
348 1057 458 1103 tremere
470 1050 595 1101 instantis
608 1050 670 1101 belli
682 1050 826 1102 certamina
837 1050 903 1103 dicit

258 1121 478 1187 Communemque
490 1120 582 1170 timere
594 1119 680 1186 deum,
688 1136 759 1171 nunc
770 1119 839 1187 regis
851 1119 954 1187 amicos,

258 1189 392 1258 (Namque
403 1189 460 1257 ipso
472 1188 556 1240 verita
568 1194 607 1239 est
619 1187 705 1240 orbari
715 1195 809 1241 maesta
838 1189 939 1259 arente)
1048 1195 1100 1247 360

258 1261 325 1312 Cum
337 1259 404 1312 Jove
417 1275 567 1310 communes
579 1258 625 1324 qui
637 1258 769 1325 quondam
781 1207 895 1312 hainen
906 1267 1032 1330 nepotes;

257 1328 284 1381 N
286 1345 336 1380 unc
348 1329 428 1380 etiam
440 1328 552 1380 conficta
564 1326 622 1379 dolo
634 1327 771 1379 mendacia
782 1328 855 1396 turpi

258 1397 373 1464 Invenit,
386 1403 413 1450 et
425 1397 517 1450 divim
529 1403 610 1449 terret
622 1397 761 1448 formidine
773 1397 842 1450 cives
852 1417 859 1462 ;

257 1467 337 1520 Nunc
349 1467 401 1519 alia
413 1484 446 1518 ex
458 1466 524 1533 aliis,
536 1483 585 1518 nec
597 1466 700 1533 desunt,
712 1466 799 1518 omina
811 1469 912 1535 quaerit.

258 1536 330 1601 Quin
342 1537 422 1589 etiam
434 1542 518 1588 castos
530 1552 594 1588 ausa
606 1541 645 1587 est
657 1552 821 1603 corrumpere
833 1543 913 1606 vates,

258 1605 303 1673 Ut,
316 1623 398 1674 quum
410 1622 475 1657 caesa
487 1604 530 1673 pio
542 1605 677 1656 cecidisset
689 1605 796 1658 victima
808 1606 882 1673 ferro,

257 1674 360 1740 Essent,
373 1675 419 1742 qui
430 1691 556 1742 generum
568 1674 658 1727 Minoa
670 1673 820 1727 auctoribus
832 1677 900 1729 extis

258 1745 384 1812 Iungere,
397 1750 424 1796 et
435 1744 563 1811 ancipites
575 1745 716 1797 suaderent
727 1745 818 1797 tollere
830 1763 939 1814 pugnas.

293 1814 331 1866 At
342 1813 442 1880 nutrix,
454 1813 547 1882 patula
559 1831 715 1882 componens
728 1814 829 1867 sulfura
840 1821 916 1883 testa,

258 1883 411 1936 Narcissum
422 1883 571 1950 casiamque
582 1882 675 1935 herbas
687 1884 806 1936 incendit
818 1884 916 1938 olentes
926 1904 933 1949 3
1049 1890 1101 1943 370

259 1952 360 2022 Terque
371 1969 473 2005 novena
485 1951 551 2019 ligat
563 1953 663 2020 triplici
674 1953 777 2005 diversa
788 1952 872 2006 colore

258 2020 334 2085 Fila;
354 2020 429 2072 “Ter
441 2021 468 2070 in
481 2020 610 2086 gremium
621 2019 749 2085 mecum,”
762 2021 857 2087 inquit,
872 2026 889 2049 “
896 2022 1000 2090 despue,
1007 2024 1087 2091 virgo,

258 2091 365 2160 Despue
377 2095 425 2158 ter,
437 2089 510 2158 virgo
522 2107 528 2144 τ
546 2105 654 2142 numero
666 2089 731 2142 deus
743 2089 843 2158 impare
854 2091 960 2158 gaudet.

260 2161 326 2214 Inde
338 2160 357 2213 J
358 2161 401 2214 ovi
412 2159 529 2228 geminat
540 2175 636 2226 magno
647 2158 777 2226 Stygielia
788 2175 868 2226 sacra,

259 2230 339 2283 Sacra
347 2247 396 2282 nec
409 2229 486 2282 Idaeis
498 2228 603 2280 senibus
614 2245 663 2280 nec
675 2228 781 2296 cognita
793 2227 877 2280 Graiis
887 2246 895 2292 3

260 2298 359 2367 Pergit,
371 2298 504 2366 Amyclaeo
516 2315 639 2366 spargens
648 2297 744 2350 altaria
754 2297 847 2361 thado,

261 2369 340 2436 Regis
353 2368 471 2420 Iolciacis
483 2367 602 2419 animum
613 2367 725 2434 defigere
737 2367 812 2419 votis.

260 2438 367 2505 Verum,
379 2437 426 2489 ubi
437 2437 512 2489 nulla
523 2442 611 2489 movet
623 2436 744 2488 stabilem
755 2436 861 2489 fallacia
872 2437 974 2506 Nisum,

259 2508 287 2561 N
287 2525 315 2560 ec
328 2513 437 2576 possunt
449 2506 574 2571 homines,
586 2523 634 2558 nec
646 2512 756 2574 possunt
767 2505 871 2558 flectcre
883 2507 981 2575 divi,-

260 2577 346 2630 'Ianta
357 2583 397 2629 est
408 2577 437 2627 in
449 2593 529 2645 parvo
540 2576 638 2628 fiducia
650 2577 722 2627 crine
734 2576 843 2627 cavendi
855 2573 908 2628 :-”
1051 2581 1102 2632 380

261 2646 361 2700 Rursus
373 2646 408 2698 ad
419 2646 554 2714 inceptum
566 2646 662 2697 sociam
674 2662 701 2697 se
713 2647 835 2714 adjungit
847 2646 967 2714 slumnae,

261 2715 477 2785 Purpureumquc
489 2721 565 2784 parat
576 2732 665 2768 rursus
675 2716 788 2769 tondere
798 2716 943 2785 caudium,

259 2786 322 2836 Tam
333 2785 415 2866 longo
421 2787 497 2910 ,im
505 2789 567 2858 jam
579 2794 674 2862 captat
687 2803 852 2842 succurrere
862 2782 976 2866 amois·-

244 2852 306 2903 ΝΜ
318 2871 411 2910 mmm
427 2857 473 2914 ‘le
487 2868 591 2935 tamen,
604 2863 708 2920 revehi
721 2861 803 2936 cuod
811 2872 924 2912 mmmm
935 2841 1086 2902 essem*
