2700 3242
612 322 734 377 CULEX.

250 424 374 479 Gemuere
386 429 413 478 et
426 425 507 478 soliis
520 429 547 477 et
559 425 644 477 sidem
656 430 753 477 cuncta
763 423 907 493 minantur,
1040 421 1093 472 350

250 495 290 547 Ac
302 495 416 549 venitin
428 501 510 547 terras
523 494 580 546 coeli
592 495 686 562 fragor.
722 495 780 546 Hoc
791 496 868 546 modo
880 496 942 548 laeta

251 564 331 633 Copia
342 582 414 617 nuno
425 565 526 616 miseris
539 565 717 616 circumdatur
729 564 809 617 anxia
820 565 891 631 fatis,

250 634 454 702 Immoriturque
467 651 544 701 super
556 633 659 700 finctus,
672 640 700 685 et
712 651 776 685 saxa
788 633 923 702 Capherei,

249 702 380 757 Euboicas
392 711 419 756 et
430 721 477 771 per
489 709 577 755 cautes
590 702 736 770 Heraeaque
747 703 801 755 late

249 773 353 837 Litora;
372 790 454 840 quum
466 773 588 840 Phrygiae
600 773 698 840 passim
710 790 777 839 vaga
788 772 878 840 praeda
889 780 1011 841 peremtae

250 841 377 894 Fluctuat
389 843 472 894 omnis
483 841 512 893 in
525 859 643 909 aequoreo
651 843 709 910 jem
721 842 850 910 naufrago
862 849 957 896 tractu.

250 911 303 964 Hic
316 913 362 964 alii
375 912 465 964 sidunt
477 911 572 980 pariles
584 911 691 964 virtutis
703 911 800 963 honore

250 980 359 1049 Heroes,
370 981 515 1047 mediisque
528 981 573 1032 siti
585 987 647 1032 sunt
659 981 763 1033 sedibus
775 998 871 1048 omnes,

251 1050 347 1102 Omnes
360 1051 443 1102 Roma
456 1050 535 1102 decus
547 1050 637 1117 magni
650 1067 714 1118 qnos
727 1051 837 1118 suscipit
849 1050 924 1105 orbis.

250 1119 303 1172 Hio
315 1119 391 1172 Fabii
404 1120 536 1187 Deciique,
549 1119 593 1170 hio
606 1126 645 1171 est
657 1126 685 1171 et
698 1119 810 1172 Horatio
821 1120 912 1187 virtus,
1034 1124 1088 1175 360

249 1187 304 1241 Hic
316 1190 425 1241 etfama
436 1196 513 1241 vetus
525 1205 661 1256 nunquam
673 1190 800 1241 moritura
812 1189 930 1253 camilli;

250 1258 357 1312 conius
369 1265 403 1325 et,
415 1259 508 1309 mediis
521 1275 597 1326 quem
610 1257 743 1326 quondam
755 1258 859 1310 sedibus
870 1258 942 1311 urbis

249 1324 381 1380 Devotum
392 1327 468 1380 bellis
480 1328 623 1379 consumsit
635 1328 748 1394 gurgitis
760 1328 879 1394 haustus,

249 1397 355 1449 Mucius
368 1403 395 1449 et
406 1397 521 1466 prudens
533 1397 651 1448 ardorem
663 1414 768 1464 corpore
780 1414 878 1465 passus,

249 1466 379 1534 Legitima
391 1465 468 1519 cessit
481 1467 523 1517 oui
535 1467 620 1518 fracta
631 1467 751 1534 potentia
761 1467 844 1534 regis:

249 1535 303 1589 Hic
316 1536 409 1588 Curius
422 1536 498 1588 clarae
510 1537 593 1588 socius
605 1536 720 1602 virtutis,
732 1541 760 1587 et
771 1536 816 1588 ille

249 1605 405 1672 Flaminius,
418 1605 512 1657 devota
524 1605 597 1657 dedit
609 1605 656 1673 qui
668 1623 774 1674 corpora
785 1605 904 1660 flammae.

249 1675 270 1728 J
270 1692 317 1727 ure
329 1675 412 1742 igitur
423 1675 489 1726 tales
502 1674 574 1727 sedes
586 1675 692 1743 pietatis
705 1675 822 1729 honorat.

249 1745 311 1798 Illio
323 1744 503 1812 Scipiadaeque
516 1745 601 1811 duces,
615 1745 709 1797 devota
720 1746 862 1814 triumphis

249 1814 350 1867 Moenia
362 1830 425 1882 quos
437 1814 541 1882 rapidos
553 1814 657 1882 Libyca
670 1815 835 1882 Carthaginis
848 1816 961 1868 hument.
1036 1818 1088 1871 370

197 1936 199 1941 ,
249 1883 296 1937 Illi
307 1883 386 1935 laude
398 1901 445 1935 sua
457 1884 578 1951 vigeant:
597 1901 644 1950 ego
657 1884 727 1936 Ditis
739 1901 831 1952 opacos

249 1953 333 2020 Cogor
345 1953 417 2005 adire
429 1952 509 2017 lacus,
521 1953 614 2005 viduos
626 1952 755 2004 alumine
767 1953 867 2021 Phoebi,

248 2023 286 2076 Et
297 2029 402 2074 vastum
414 2021 608 2088 Phlegethonta
619 2022 684 2090 pati,
697 2038 748 2089 quo
760 2023 877 2075 maxima
889 2022 976 2075 Minos

248 2092 430 2145 Consoelerata
441 2091 487 2159 pia
498 2091 624 2143 discernit
635 2091 743 2142 vincula
754 2092 821 2144 sede.

247 2161 319 2229 Ergo
327 2164 385 2230 jam
397 2178 503 2213 oausam
514 2160 606 2212 mortis
617 2177 659 2211 me
672 2161 757 2212 dicere
769 2161 865 2213 vinotae

247 2230 406 2284 Verberibus
419 2247 485 2282 saevo
498 2235 596 2298 cogunt
607 2228 640 2281 ab
649 2229 740 2297 judice
752 2229 845 2298 Poenae,

248 2301 339 2364 Quum
349 2300 416 2352 mihi
428 2305 460 2351 tu
472 2300 506 2351 sis
518 2317 596 2352 causa
607 2299 679 2366 mali,
691 2316 740 2351 neo
752 2300 870 2352 conscius
881 2300 959 2368 adsis,

247 2369 300 2424 Sed
312 2369 490 2422 tolerabilibus
503 2369 571 2421 curis
584 2369 639 2420 haec
651 2368 787 2420 immemor
798 2369 889 2432 audis3

248 2440 314 2503 Quae
326 2445 416 2491 tamen
427 2444 459 2490 ut
471 2440 546 2491 vanis
558 2438 695 2490 dimittens
706 2438 794 2490 omnie
805 2439 899 2506 ventis,

245 2509 387 2576 Digredior
398 2525 535 2576 nunquam
545 2508 694 2571 rediturus3
711 2513 743 2560 tu
755 2507 810 2559 cole
821 2508 907 2561 fontes
1036 2511 1088 2563 380

245 2578 284 2632 Et
295 2579 392 2631 virides
403 2595 539 2629 nemorum
552 2577 630 2629 silvas
643 2584 670 2629 et
682 2593 780 2646 pascua
791 2577 876 2644 laetus,

245 2647 284 2701 Et
295 2665 354 2699 mea
366 2646 473 2698 diffusus
486 2647 624 2715 rapiantur
636 2647 707 2698 dicta
718 2664 765 2715 per
776 2646 873 2700 auras‚”

245 2717 333 2783 Dixit,
346 2722 373 2768 et
385 2722 503 2769 extrema
514 2717 597 2769 tristis
609 2733 670 2768 cum
682 2733 746 2769 voce
756 2717 878 2770 reoessit.

281 2786 310 2836 H
312 2803 363 2837 uno
375 2785 421 2837 ubi
431 2785 577 2841 sollicitum
590 2787 696 2843 dimisit
707 2787 814 2843 inertia
822 2787 907 2852 sitae,

197 2866 203 2877 ·
234 2853 355 2905 Interius
362 2857 486 2923 graviter
497 2867 624 2918 mentem
636 2880 713 2934 aeger
726 2879 784 2917 nee
793 2853 968 2914 erasmus

658 2949 677 2989 C
698 2955 714 2992 Ω
