2700 3242
233 266 284 317 224
332 241 336 247 ’
466 259 495 313 r.
515 259 671 313 vmemn
690 258 852 312 Minerua

234 365 315 418 Credo
328 362 457 431 equidem,
471 362 544 414 vivos
558 362 655 414 ducent
667 360 700 413 de
711 377 839 413 marmore
852 359 961 425 vultus;

235 435 357 488 Orabunt
370 450 461 484 causas
473 432 574 497 melius,
588 432 698 499 coelique
710 436 813 482 meatus
1034 430 1084 482 850

234 504 389 556 Describent
401 503 483 564 radio,
496 507 522 553 et
535 501 670 568 surgentia
683 500 768 552 sidera
780 500 888 552 dicent:

234 574 276 625 'l’u
287 589 376 640 regere
389 572 498 640 imperio
511 571 628 639 populos,
642 569 767 636 Romane,
779 574 911 620 memento
922 588 930 633 ;

236 642 287 694 Hae
299 641 349 694 tibi
362 647 440 693 erunt
452 646 539 693 artes:
558 639 682 708 pacisque
694 638 827 706 imponere
839 655 946 705 morem,

237 711 347 765 Parcere
360 709 492 778 subjectis,
505 712 531 758 et
544 707 673 758 debellare
686 706 834 775 superbos.”

272 781 316 834 Sic
328 786 404 848 pater
417 777 549 842 Anchises
562 780 642 842 atque
654 775 711 827 haec
723 775 881 828 mirantibus
894 775 991 841 addin

236 851 253 878 “
260 850 361 917 Aspice,
375 854 407 900 ut
418 846 528 912 insignis
541 845 629 911 spoliis
642 844 784 896 Marcellus
796 844 890 913 opimis

238 913 399 982 Ingreditur,
412 914 550 979 victorque
562 913 631 965 viros
643 913 820 980 supereminet
832 915 938 965 omnes!

238 983 291 1035 Hic
303 1001 359 1034 rem
374 983 526 1048 Ramanam,
539 999 635 1049 magno
648 981 773 1034 turbante
785 982 913 1049 tumultu,

238 1053 327 1119 Sistet,
341 1069 418 1120 eques
431 1057 530 1103 sternet
543 1051 643 1118 Poenos,
657 1051 815 1119 Gallumque
826 1051 957 1119 rebellem,
1044 1080 1048 1087 ·

238 1121 378 1189 Tertiaque
391 1138 464 1173 arma
476 1121 546 1188 patri
559 1120 701 1188 suspendet
713 1127 791 1188 capta
804 1121 921 1184 Quirine.
1037 1123 1086 1174 800

237 1191 326 1259 Atque
337 1190 381 1242 hic.
393 1190 578 1242 AEneas-—una
589 1207 703 1257 namque
714 1190 753 1242 ire
764 1189 871 1242 videbat

238 1260 382 1328 Egregium
393 1260 477 1312 forma
485 1261 611 1328 juvenem
623 1266 650 1311 et
661 1259 827 1326 fulgentibus
839 1259 926 1328 armis,

239 1329 290 1382 Sed
302 1329 373 1381 frons
385 1329 447 1381 laeta
477 1347 560 1396 arum,
573 1335 599 1381 et
611 1328 712 1396 dejecto
724 1328 826 1382 lumina
837 1329 916 1382 vultu
925 1347 968 1382 :—

241 1396 256 1420 “
265 1395 336 1462 Quis,
349 1405 430 1464 pater,
443 1347 489 1449 Me
502 1398 589 1449 virum
602 1401 649 1466 qui
662 1398 699 1449 sic
712 1399 854 1450 comitatur
865 1397 995 1452 euntemi

241 1464 334 1529 Filius,
347 1480 415 1515 anne
428 1463 523 1531 aliquis
535 1481 633 1531 magna
645 1464 678 1516 de
690 1465 771 1532 stirpe
783 1472 909 1534 nepotum
919 1467 929 1518 l

242 1534 293 1597 Qui
307 1533 432 1600 strepitus
444 1532 513 1584 circa
527 1533 653 1584 comitum
664 1535 669 1585 l
690 1541 820 1602 quantum
832 1535 916 1588 instar
924 1537 954 1588 in
965 1537 1024 1606 ipsc
1033 1538 1084 1590 est!

242 1602 292 1653 Sed
304 1601 364 1653 Nox
378 1607 436 1654 atra
449 1610 529 1670 caput
542 1603 612 1655 tristi
625 1604 798 1658 circumvolat
810 1605 926 1658 umbra.'’

241 1670 307 1722 'I'um
320 1676 396 1738 pater
408 1671 542 1735 Anchises,
555 1672 669 1725 lacrimis
681 1674 812 1741 ingressus
824 1674 939 1730 obortis:

241 1740 287 1792 “0
299 1745 369 1806 nate,
382 1740 517 1807 ingentem
529 1740 631 1793 luctum
644 1760 678 1795 ne
691 1761 776 1810 quaere
788 1750 915 1806 tuorum;

241 1806 387 1860 Ostendent
400 1807 475 1859 terris
487 1806 559 1858 hunc
573 1812 680 1859 tantum
691 1813 755 1876 fata,
768 1826 853 1877 neque
865 1810 937 1862 ultra
1038 1813 1087 1864 870

240 1876 304 1928 Esse
317 1877 411 1929 sinent.
450 1877 570 1928 Nimium
583 1876 655 1929 vebis
669 1878 787 1930 Romana
799 1896 914 1947 propago

242 1945 307 1998 Visa
319 1953 418 2014 potens,
433 1945 535 2014 Superi,
548 1947 654 2013 propria
666 1947 724 1998 hese
737 1948 758 1998 si
771 1947 840 1999 dena
851 1949 973 2002 fuissent.

242 2015 360 2080 Quantos
371 2015 417 2068 ille
430 2015 517 2067 virum
529 2033 654 2082 magnam
666 2015 794 2068 Mavortis
806 2018 840 2069 ad
852 2018 946 2070 urbem

242 2085 356 2153 Campus
368 2091 429 2151 aget
442 2085 555 2151 gemitus
568 2089 574 2140 l
595 2085 636 2136 vel
650 2102 718 2153 quae,
731 2085 859 2154 Tiberine,
871 2088 973 2140 videbis

243 2153 355 2220 Funera,
367 2171 450 2221 quum
462 2154 596 2206 tumulum
608 2155 791 2221 praeterlabere
803 2164 935 2208 recentem
947 2161 953 2210 !

241 2223 268 2275 N
269 2241 297 2275 ec
310 2240 375 2292 puer
389 2223 470 2275 Iliaca
483 2223 623 2292 quisquam
636 2224 668 2276 de
681 2230 760 2292 gente
773 2225 880 2278 Latinos

243 2292 276 2345 ln
289 2299 395 2344 tantum
408 2310 453 2361 spe
466 2293 542 2345 tollet
555 2310 634 2356 av0s3
652 2310 702 2345 nec
716 2295 828 2348 Romula
840 2295 974 2364 quondam

243 2361 304 2414 Ullo
317 2379 343 2413 se
356 2368 463 2413 tantum
476 2362 555 2414 tellus
563 2363 678 2430 jactabit
690 2363 804 2416 alumno.

245 2431 305 2483 Heu
318 2432 410 2499 pietas,
422 2431 475 2483 heu
487 2433 573 2499 prisca
584 2432 656 2499 fides,
669 2433 821 2502 invictaque
833 2433 901 2487 bello

245 2501 360 2552 Dextera
373 2502 378 2552 l
398 2518 451 2552 nen
463 2501 504 2552 illi
516 2518 543 2553 se
555 2502 695 2569 quisquam
708 2503 816 2570 impune
829 2504 933 2556 tulisset
1039 2509 1091 2559 880

245 2570 342 2622 Obvius
356 2576 464 2637 armate,
478 2588 523 2622 seu
536 2588 618 2638 quum
631 2573 710 2639 pedes
722 2573 772 2624 iret
784 2573 811 2624 in
825 2573 934 2639 hostem,

244 2639 296 2692 Seu
309 2640 455 2707 spumantis
469 2641 530 2706 equi
542 2641 642 2692 foderet
655 2642 799 2694 calcaribus
812 2661 903 2696 armos

232 2708 299 2762 Heu
310 2709 464 2765 miserande
476 2714 558 2782 puer!
578 2710 600 2765 si
613 2727 667 2782 qna
678 2713 735 2764 sata
747 2730 774 2764 as
794 2730 838 2764 era
849 2730 964 2782 rumpas,

220 2776 264 2833 Pa
277 2782 433 2840 Marcellus
448 2785 507 2843 eris.
547 2783 679 2842 Manibus
691 2731 824 2838 datel'biu
832 2781 938 2852 plexus.
