2700 3242
281 321 315 374 66
512 307 542 363 Ρ.
554 308 710 362 VIRGILII
728 307 890 361 blahonis

280 409 476 478 Horrentesque
487 409 574 476 rubos,
586 413 614 461 et
626 414 746 462 amantes
757 408 841 461 muna
853 409 958 460 dumos:

280 478 369 545 Atque
381 479 443 546 ipsae
455 496 581 531 memores
593 479 705 530 redeunt
716 479 745 529 in
757 483 835 543 tecta,
848 495 958 545 suosque

280 545 398 614 Ducunt,
411 553 438 599 et
449 549 558 615 gravido
570 552 696 616 superant
708 547 755 599 vix
766 546 846 598 ubere
857 546 945 598 limen.

281 615 351 683 Ergo
363 617 434 668 omni
446 617 534 669 studio
547 616 659 684 glaciem
670 621 813 683 ventosque
825 615 933 683 nivales,

282 685 339 749 Quo
351 686 437 738 minor
449 692 488 738 est
500 687 553 738 illis
566 703 635 738 curae
647 685 766 737 mortalis
778 690 887 751 egestas,

281 755 399 822 Avertes‚
411 756 565 822 rictumque
576 756 643 806 feres
655 759 683 805 et
694 754 784 821 virgea
795 754 875 805 leatus
1076 756 1127 806 320

282 821 398 889 Pabula;
416 841 466 876 nec
477 830 534 876 tota
546 824 652 876 claudes
664 823 766 875 foenilia
777 822 877 874 bruma.
1115 838 1117 845 ·

283 891 321 945 At
334 908 402 957 vero,
414 891 542 961 Zephyris
554 907 639 958 quum
650 891 714 944 laeta
724 890 881 945 vocantibus
893 894 969 943 11111

283 959 317 1011 ln
329 961 411 1012 saltus
423 966 566 1027 utrumque
578 977 684 1026 gregem
695 965 776 1026 atque
788 961 816 1010 in
828 965 927 1028 pascua
938 961 1037 1025 mittet,

283 1027 398 1081 Luciferi
410 1029 494 1098 primo
506 1045 568 1080 cum
580 1029 662 1080 sidere
674 1028 773 1096 frigida
783 1045 846 1081 rura

284 1097 434 1166 (torpemus,
446 1098 510 1150 dum
521 1115 599 1150 mane
610 1114 716 1165 novum,
729 1098 793 1149 dum
805 1098 925 1165 gramim
936 1104 1040 1163 canent,
1165 1122 1166 1188 q

283 1165 319 1218 Et
331 1184 372 1219 ros
384 1167 413 1218 in
424 1172 515 1219 tenera
527 1167 614 1236 pecori
625 1166 790 1234 gratissimus
802 1167 889 1220 herba.

283 1234 359 1303 Inde,
373 1236 419 1288 ubi
432 1242 526 1304 quarta
539 1237 610 1288 sitim
622 1235 682 1288 coeli
693 1236 827 1302 collegerit
839 1236 910 1303 hora,

282 1303 319 1359 Et
331 1311 413 1357 cantu
425 1306 541 1373 querulae
553 1310 678 1374 rumpent
689 1306 797 1357 arbusta
808 1305 911 1372 cicada,

283 1375 326 1426 Ad
338 1381 430 1443 puteos
442 1380 490 1427 aut
501 1375 557 1428 alta
569 1392 660 1442 greges
672 1375 707 1426 ad
719 1380 813 1441 stagna
821 1375 914 1442 jubeto

284 1443 438 1497 (limantem
448 1444 539 1512 ilignis
550 1451 641 1513 potare
653 1443 788 1496 canalibus
799 1444 912 1496 undam:
1075 1447 1127 1497 330

282 1512 403 1565 AEstibus
414 1519 443 1566 at
454 1514 547 1565 mediis
559 1513 708 1565 umbrosam
719 1512 855 1581 exquirere
867 1513 970 1577 vallem,

283 1581 373 1634 Sicubi
384 1599 481 1650 magna
493 1583 512 1634 J
513 1582 569 1635 ovis
581 1582 689 1649 antiquo
701 1582 791 1633 robore
803 1599 913 1649 quercus

284 1651 408 1718 Ingentes
421 1652 514 1704 tendat
526 1668 626 1714 ramos;
644 1657 692 1702 aut
705 1651 788 1702 sicubi
799 1652 906 1718 nigrum

283 1720 392 1772 Ilicibus
404 1719 499 1773 crebris
512 1738 585 1772 sacra
596 1737 689 1772 nemus
701 1720 811 1773 accubet
823 1720 923 1772 umbra.

282 1788 350 1841 'lum
363 1795 454 1842 tenues
466 1790 528 1842 dare
539 1806 629 1841 rursus
640 1806 730 1857 aquas,
743 1795 769 1841 et
781 1806 886 1857 pascere
897 1807 987 1842 rursus

283 1857 349 1911 Solis
361 1859 396 1911 ad
408 1876 536 1925 occasum,
549 1876 633 1927 quum
644 1858 758 1926 frigidus
769 1860 833 1910 aera
844 1876 935 1926 vesper

282 1926 429 1997 Temperat,
442 1934 469 1980 et
481 1928 564 1981 saltus
575 1928 660 1981 reficit
668 1931 726 1996 jam
736 1928 838 1980 roscida
850 1927 922 1994 luna,

282 1995 422 2064 Litoraque
435 1998 561 2065 alcyonea
572 2003 704 2064 resonant,
716 1997 885 2050 acalanthida
896 1997 977 2050 dumi.

283 2066 352 2130 Quid
365 2066 414 2118 tibi
426 2073 541 2136 pastores
554 2067 601 2119 Lib
621 2085 650 2135 re,
664 2067 728 2136 quid
740 2083 838 2136 pascua
849 2083 927 2119 versu

281 2133 433 2204 Pmsequar,
446 2142 473 2188 et
485 2137 550 2188 raris
562 2085 683 2189 habitata
693 2136 809 2204 mapalia
820 2135 918 2188 tectisl
1074 2139 1126 2189 340

281 2204 356 2274 Saepe
368 2206 437 2257 diem
449 2211 612 2275 noctemque,
624 2211 651 2258 et
663 2211 751 2258 totum
763 2222 796 2256 ex
809 2204 899 2256 ordine
910 2221 1026 2257 mensem
1127 2260 1129 2265 ,

281 2272 403 2327 Pascitur
414 2275 488 2343 itque
501 2292 580 2343 pecus
592 2275 671 2342 longa
683 2276 711 2325 in
724 2275 827 2327 deserta
839 2274 895 2326 sine
906 2274 969 2325 ullis

280 2342 426 2412 Hospitiis:
446 2350 552 2396 tantum
564 2345 650 2412 campi
658 2346 738 2412 jacet.
774 2342 869 2395 Omnia
880 2360 969 2395 secum

279 2413 462 2466 Armentarius
475 2413 539 2465 Afer
550 2413 615 2482 agit,
627 2419 781 2481 tectumque
794 2413 939 2482 Laremque
1122 2464 1126 2479 ,

280 2482 413 2551 Armaque
424 2482 639 2550 Amyclaeumque
652 2499 744 2534 canem
756 2482 924 2562 thessamqqe
935 2482 1105 2549 pharetram:

279 2549 306 2602 N
307 2569 340 2602 on
353 2568 426 2603 secus
438 2569 469 2603 ac
481 2553 573 2620 patriis
585 2569 645 2604 acer
657 2551 790 2603 Romanus
802 2551 832 2603 in
843 2569 922 2603 armis

280 2619 383 2688 injusto
396 2619 445 2672 sub
456 2620 526 2672 fasce
539 2621 609 2674 riam
622 2638 704 2688 quum
717 2621 808 2688 carpit,
821 2626 848 2672 et
860 2619 929 2672 hosti

280 2689 350 2742 Ante
362 2695 544 2758 exspectatum
556 2690 648 2758 positis
661 2696 715 2742 stat
727 2690 756 2740 in
768 2690 873 2758 agmine
886 2689 985 2742 castris.

263 2758 307 2807 At
315 2775 378 2826 non„
393 2777 448 2828 qua
459 2759 578 2830 Scythia
590 2765 686 2830 gentes
697 2759 857 2828 Maeotiaque
867 2759 950 2823 unda,

249 2819 391 2881 fflmbidus
403 2835 434 2884 et
449 2837 579 2903 torqueas
593 2833 730 2890 flaventes
741 2832 837 2886 Hister
849 2844 955 2891 arenas,
1080 2831 1136 2876 aba
