2700 3242
275 289 326 341 ιιιι
504 281 534 334 P.
553 280 709 334 VIRGILII
727 279 891 334 MARONIS

275 382 363 434 Litore
374 381 496 432 diductas
508 385 621 446 angusto
633 378 756 432 interluit
769 384 843 432 aestu.

274 450 406 503 Dextrum
419 449 506 517 Scylla
518 449 596 515 latus,
609 449 707 500 laevum
718 449 862 516 implacata
874 448 1020 517 Charybdis
1069 451 1122 503 420

276 519 391 583 Obsidet,
404 525 483 639 atque
495 518 547 570 imo
560 517 679 569 barathri
690 524 731 569 ter
742 519 849 584 gurgite
861 524 948 570 vastos

276 587 368 640 Sorbet
380 588 409 639 in
421 606 437 639 a
454 593 565 656 ruptum
578 587 683 652 fluctus,
695 604 837 655 rursusque
849 587 898 639 sub
910 605 988 640 auras

276 656 364 724 Erigit
376 658 498 723 alternos,
511 662 538 709 et
551 656 636 708 sidera
648 657 768 708 verberat
780 657 860 708 unda

276 726 313 778 At
326 726 441 793 Scyllam
454 726 530 777 caecis
542 725 647 778 cohibet
659 725 785 806 spelunca
797 725 911 793 latebris,

277 794 330 847 Ora
342 802 428 847 exsert
417 801 526 861 t,antem
538 801 566 847 et
578 812 657 847 naves
669 795 698 846 in
711 812 775 846 saxa
787 795 943 848 trahentem.

277 863 367 916 Prima
379 864 491 916 hominis
504 865 631 930 faciest
604 869 631 915 et
644 864 755 931 pulchro
767 871 871 932 pectore
880 865 972 945 yirgo

277 932 376 986 Pubet
365 940 458 996 t;enus
477 905 627 1001 postrema
619 933 731 985 immani
743 950 848 1001 corpore
860 934 963 1001 pistrix,

277 1001 441 1070 Delphinum
452 973 549 1054 baudus
562 1009 636 1053 utero
649 1002 786 1054 commissa
798 1003 928 1070 luporum.

278 1070 391 1123 Praestat
403 1071 530 1123 Trinacrii
542 1078 626 1124 metas
638 1071 692 1123 lust
681 1078 750 1124 trare
763 1071 883 1139 Pachyni

279 1141 436 1202 cessantem,
449 1141 538 1207 longos
551 1147 578 1192 et
590 1141 794 1193 circumflectere
806 1158 905 1208 cursus,
1072 1145 1125 1196 430

279 1210 365 1273 Quam
377 1209 456 1262 semel
468 1210 606 1262 informem
619 1216 693 1262 vasto
705 1211 801 1262 vidisse
813 1211 861 1262 sub
873 1219 950 1264 antro

279 1278 402 1346 Scyllam,
415 1285 441 1331 et
454 1280 570 1332 caenrleis
583 1279 691 1331 canibus
702 1280 851 1332 resonantia
863 1297 934 1333 saxa.

280 1348 416 1412 Praeterea,
430 1349 452 1401 si
464 1366 516 1416 qua
528 1354 568 1401 est
581 1348 683 1400 Heleno
695 1349 844 1416 prudentia,
857 1350 913 1401 vati

280 1417 309 1470 Si
322 1435 374 1485 qua
386 1418 457 1484 fides,
470 1418 589 1469 animum
602 1418 623 1469 si
636 1418 704 1470 veris
715 1417 809 1485 implet
821 1419 923 1486 Apollo,

281 1487 372 1538 Unum
385 1487 452 1539 illud
465 1488 521 1552 tibi,
534 1494 596 1539 nate
609 1487 665 1553 dea,
678 1503 777 1554 proque
788 1488 910 1540 omnibus
920 1504 1006 1539 unum

281 1555 434 1623 Praedicam,
447 1563 474 1608 et
485 1563 605 1624 repetens
618 1556 766 1623 iterumque
778 1556 926 1624 iterumque
938 1556 1066 1610 monebo:

281 1625 301 1677 J
302 1642 396 1677 uuorus
408 1642 510 1691 magnac
524 1625 639 1692 primum
650 1642 728 1693 prece
739 1642 838 1677 numen
849 1627 947 1688 adora·

281 1694 302 1746 J
302 1711 384 1745 unom
396 1711 460 1745 cane
473 1700 517 1746 vot
518 1711 534 1745 a
506 1694 630 1745 tlibens
630 1693 837 1774 ,dominamque
848 1701 984 1776 pqtentem

282 1763 451 1831 Supplicibus
463 1780 558 1831 supera
569 1735 660 1815 donis:
679 1763 716 1814 sic
728 1764 843 1830 <lenique
854 1765 939 1816 victor

282 1833 417 1884 Trinacria
428 1832 493 1884 fines
506 1832 587 1884 Italos
599 1833 705 1884 mittere
716 1833 816 1885 relicta
1075 1835 1128 1884 440

283 1901 346 1954 Huc
358 1901 404 1953 ubi
416 1901 520 1953 delatus
533 1901 667 1954 Cumaeam
679 1902 815 1954 accesseris
828 1902 926 1969 urbem,

283 1971 444 2038 Divinosque
456 1971 528 2023 lacus
541 1976 568 2024 et
580 1972 686 2023 Averna
698 1972 819 2023 sonantia
831 1972 912 2038 silvis,

284 2040 409 2093 Insanam
421 2046 509 2092 vatem
521 2040 644 2108 aspicies;
656 2057 716 2108 quae
728 2058 794 2108 rupe
806 2041 854 2092 sub
866 2041 921 2093 ima

284 2109 353 2162 Fata
365 2109 436 2161 cauit
436 2110 576 2178 ,foliisque
588 2115 634 2161 not
635 2127 663 2161 as
676 2117 703 2162 et
715 2110 822 2162 nomina
833 2110 949 2162 mandat.

286 2179 482 2259 Quacumque
474 2197 503 2230 m
516 2179 585 2230 foliis
598 2179 735 2247 descripsit
748 2179 865 2231 carmina
876 2181 957 2246 virgo,

285 2247 409 2316 Digerit
402 2266 430 2299 m
442 2265 589 2315 numerum,
602 2254 630 2299 at
632 2265 684 2314 que
695 2255 771 2300 antro
784 2248 884 2300 seclusa
895 2247 1030 2316 relinquit.

286 2317 338 2369 Illa
349 2324 458 2369 manent
469 2319 578 2369 immota
589 2317 652 2369 locis
653 2334 757 2385 ,neque
769 2317 802 2369 ab
814 2318 904 2370 ordine
915 2317 1021 2370 cedunt.

287 2385 387 2438 Verum
399 2386 498 2454 eadem,
511 2403 584 2438 verso
596 2358 685 2438 teurlis
697 2404 780 2468 quum
793 2387 898 2439 cardine
910 2392 1006 2440 ventus

287 2455 347 2522 Imp
348 2456 400 2506 ιιιιι
389 2461 447 2521 t,et
460 2427 561 2507 teheras
574 2457 712 2508 turbavit'
701 2473 785 2536 yanua
796 2457 908 2524 frondes,

287 2475 431 2591 Nunquam
445 2524 539 2576 deinde
551 2542 614 2577 cavo
627 2526 693 2577 volit
682 2526 767 2577 tantia
780 2526 905 2606 prendere
918 2542 989 2592 saxo,
1079 2529 1132 2577 450

287 2592 343 2644 Nec
355 2610 475 2645 revocare
489 2595 562 2660 situs,
575 2600 622 2646 aut
632 2599 744 2661 jungere
756 2595 873 2647 carmina
885 2601 968 2648 curat

289 2662 436 2714 Inconsulti
448 2663 553 2728 abeunt,
567 2664 706 2731 sedemque
718 2665 794 2716 odere
807 2664 921 2731 Sibyllae.

278 2730 338 2781 Hic
350 2731 401 2782 tibi
411 2749 447 2785 ne
459 2749 513 2802 qua
525 2749 604 2786 morae
616 2734 716 2785 fuerint
729 2733 865 2802 dispendia
878 2738 937 2785 tant
938 2731 990 2798 i,-

268 2799 427 2860 Quanta
414 2805 536 2880 increpit
525 2810 586 2862 tent
600 2804 674 2863 socii
687 2812 714 2861 et
724 2805 756 2861 ιι
767 2819 859 2857 cursus
866 2803 899 2854 'm
908 2802 995 2854 altum
