2700 3242
270 314 322 366 314
502 310 532 366 P.
551 309 706 364 VIRGILII
725 309 888 365 MARONIS

271 413 324 466 Olli
336 412 403 465 dura
415 412 488 495 quies
501 413 588 466 oculos
600 417 628 466 et
639 413 739 466 ferreus
750 418 829 481 urget

271 481 383 534 Somnus
395 500 402 547 ;
419 500 449 533 m
461 488 587 536 aeternam
599 483 762 535 clauduntur
773 482 876 534 lumina
886 487 999 535 noctem

271 551 388 603 (laedious
399 551 557 604 Alcathoum
569 552 718 618 obtruncat,
730 551 851 604 Sacrator
863 551 1024 619 Hydaspem

272 619 496 688 Partheniumque
509 622 582 689 Rapo
594 626 621 673 et
633 621 785 689 praedurum
796 620 896 673 viribus
910 620 1006 673 Orsen:

272 688 408 757 Messapus
420 689 592 757 Cloniumque
604 690 817 758 Lycaoniumque
829 689 967 752 Ericeten;

272 758 354 811 Illum
365 758 476 812 infrenis
488 760 548 827 equi
560 759 636 828 lapsu
648 759 744 811 tellure
752 761 893 827 jacentem,
1067 757 1118 812 tto

273 827 353 879 Hunc
365 827 481 896 peditem
492 830 579 897 pedes.
614 829 649 880 Ilt
662 827 758 895 Lycius
770 832 929 896 processerat
941 827 1014 895 Agis,

273 896 357 960 Quem
368 903 457 948 tamen
469 897 542 949 haud
554 915 646 966 expers
659 897 770 950 Valerus
782 896 888 949 virtutis
900 896 980 949 avitae

272 965 387 1031 Dejicit3
405 970 434 1017 at
446 965 590 1018 Thronium
603 966 697 1032 Salius,
709 965 863 1034 Saliumque
873 965 993 1034 Nealces,

275 1034 390 1102 Insignis
398 1035 488 1101 jaculo
500 1041 527 1087 et
539 1036 616 1102 longe
628 1035 737 1088 fallente
750 1036 854 1102 sagitta

308 1103 327 1155 J
328 1120 371 1155 am
383 1105 470 1170 gravis
482 1104 604 1172 aequabat
616 1104 704 1157 luctus
717 1110 744 1156 et
755 1110 850 1156 mutua
862 1103 968 1156 Mavors

273 1171 378 1225 Funera
390 1191 397 1236 ;
414 1173 550 1226 caedebant
562 1174 659 1243 pariter
671 1174 821 1241 pariterque
832 1172 946 1225 ruebant

274 1241 392 1294 Victores
404 1241 520 1311 victique
531 1262 537 1306 ;
555 1260 640 1311 neque
652 1243 694 1294 his
706 1243 772 1310 fuga
782 1249 853 1307 nota,
865 1258 951 1310 neque
962 1241 1025 1296 illis.

273 1311 309 1364 Di
321 1311 340 1363 J
342 1311 396 1363 ovis
408 1310 437 1363 iu
449 1313 525 1364 tectis
537 1313 603 1365 iram
614 1313 773 1364 miserantur
784 1312 891 1364 inanem

273 1379 425 1447 Amborum‚
438 1388 465 1434 et
477 1387 564 1434 tantos
576 1380 730 1434 mortalibus
742 1398 796 1433 esse
809 1381 908 1433 labores
920 1397 927 1443 3

275 1449 346 1501 Hinc
358 1450 455 1517 Venus,
467 1451 529 1503 hinc
542 1457 632 1504 contra
645 1457 747 1518 spectat
759 1449 884 1503 Saturnia
895 1449 915 1501 J
916 1465 977 1504 uno.
1066 1451 1119 1505 760

275 1518 379 1571 Pallida
390 1520 530 1588 Tisiphone
541 1521 628 1572 media
640 1520 709 1572 inter
720 1520 805 1571 millia
817 1519 899 1572 saevit.

274 1587 312 1640 At
324 1606 384 1640 vero
396 1588 531 1656 ingentem
543 1591 663 1658 quatiens
675 1589 824 1641 Mezentius
836 1589 940 1642 hastam

275 1657 405 1710 Turbidus
417 1659 564 1726 ingreditur
576 1677 675 1726 campo.
712 1658 797 1722 Quam
808 1675 921 1724 magnus
933 1656 1022 1726 Orion,

275 1727 364 1789 Quum
376 1728 454 1795 pedes
466 1729 565 1780 incedit
577 1729 656 1780 medii
668 1745 715 1796 per
726 1728 843 1780 maxima
854 1727 932 1779 Nerei

275 1795 376 1864 Stagna
387 1797 458 1849 viam
470 1798 597 1864 scindens,
610 1798 719 1849 humero
731 1797 906 1864 supereminet
918 1795 1003 1848 undas
1014 1813 1023 1861 ς

275 1866 338 1932 Aut,
352 1867 459 1918 summis
470 1867 584 1919 referens
596 1884 722 1919 annosam
733 1866 866 1917 montibus
878 1883 980 1932 ornum,

276 1934 481 2004 Ingrediturque
493 1937 546 1989 solo
559 1944 586 1988 ct
598 1943 680 2004 caput
691 1935 761 1987 inter
773 1934 865 1987 nubila
876 1934 984 1988 condit:

277 2003 346 2056 Malis
358 2022 385 2057 se
397 2006 478 2056 vastis
490 2006 571 2058 infert
583 2006 730 2058 Mezentius
741 2004 828 2057 armis.

276 2072 348 2124 Huic
360 2081 451 2126 contra
463 2075 567 2137 AEneas,
581 2075 731 2143 speculatus
744 2074 772 2125 in
784 2071 888 2139 agmine
900 2072 988 2140 longo,

277 2142 376 2194 Obvius
388 2143 425 2195 ire
438 2150 520 2212 parat.
552 2143 644 2195 Manet
657 2143 849 2211 imperterritus
862 2141 914 2207 ille,
1069 2141 1119 2196 770

276 2211 387 2264 Hostem
398 2213 598 2280 magnanimum
610 2213 753 2280 opperiens,
766 2218 793 2264 et
804 2211 872 2263 mole
884 2228 932 2263 sua
944 2214 1018 2274 stat3

276 2282 364 2345 Atque
376 2282 457 2334 oculis
469 2283 584 2349 spatium
597 2299 723 2346 emensus,
736 2287 866 2348 quantum
878 2281 941 2331 satis
953 2280 1058 2334 hastae:
1148 2330 1152 2340 ,

276 2350 291 2377 “
299 2350 409 2411 Dextra,
421 2349 488 2400 mihi
501 2349 572 2415 deus,
586 2358 612 2401 et
625 2350 716 2414 telum,
729 2349 799 2417 quod
811 2349 909 2401 missile
921 2347 997 2415 libro,

276 2420 355 2472 Nunc
367 2419 456 2471 adsint
469 2437 475 2479 ;
493 2434 573 2469 voveo
586 2415 716 2484 praedonis
728 2433 833 2482 corpore
845 2416 928 2482 raptis

278 2489 407 2540 indutum
421 2487 508 2552 spoliis
521 2487 605 2553 ipsum
619 2492 653 2543 te,
667 2485 758 2546 Lause,
771 2493 899 2549 tropaeum

278 2555 393 2608 AEneea.'’
430 2555 507 2606 Dixit
520 2573 526 2616 ;
545 2554 752 2622 stridentemque
765 2556 867 2606 eminus
880 2555 985 2607 hastam

277 2621 387 2689 Injicit;
404 2621 451 2673 illa
464 2622 553 2674 volans
566 2622 649 2688 clipeo
662 2629 702 2673 est
714 2638 830 2686 excussa,
844 2621 987 2690 proculque

267 2689 417 2762 Egregium
429 2691 549 2746 Antoren
561 2692 631 2743 latus
643 2691 713 2742 intor
725 2696 752 2741 ot
764 2690 810 2741 ilia
822 2690 897 2757 figit:

255 2761 391 2823 Herculis
404 2766 529 2824 Antoren
543 2763 679 2829 comitem,
689 2759 739 2832 qui
745 2759 841 2811 missus
848 2758 883 2810 ah
896 2758 971 2825 Argis

244 2833 383 2898 Haeserat
397 2842 542 2913 Evandro,
556 2845 644 2914 atque
655 2833 734 2890 ltala
745 2826 981 2884 remuneraturus
1070 2833 1125 2881 'len
