2700 3242
524 303 728 359 eucnemon
746 305 812 358 LIB.
831 304 853 358 I.
1071 308 1105 360 33

258 403 410 472 Consurgit,
422 403 553 473 premitur
565 405 655 475 Libya
667 406 785 459 devexus
796 407 826 459 in
834 406 952 459 Austros.

257 474 312 526 Hie
322 481 416 526 vertex
427 474 503 526 uobis
515 491 617 543 semper
629 476 766 540 sublimis3
783 483 813 529 at
824 477 901 529 illum

257 541 315 596 sub
327 543 439 624 pedibus
451 543 520 611 Styx
532 550 591 596 atra
603 545 676 597 videt
688 546 834 614 Manesque
845 547 977 614 profundi.

256 611 395 665 Maxrmus
407 613 451 664 hic
462 613 535 664 flexu
548 614 652 666 sinuoso
665 615 780 667 elabitur
791 617 886 683 anguis

257 681 365 734 Circum
377 699 476 751 perque
489 682 555 734 duas
567 683 596 734 in
607 700 707 735 morem
719 684 837 736 fluminis
849 685 949 750 Arctos,

257 751 354 803 Arctos
365 752 456 804 oceani
468 757 617 804 metuentes
630 769 733 820 aequore
746 753 831 821 tingi:

256 820 327 888 Illic,
340 826 372 872 ut
383 821 531 890 perhibent,
544 830 593 873 aut
604 822 763 890 intempesta
773 823 833 874 silet
844 840 904 888 nox,

256 888 367 958 Semper
379 897 406 943 et
417 889 527 942 obtenta
539 890 685 943 densantur
696 897 774 944 nocte
785 892 899 943 tenebra·
910 911 916 945 ε

255 959 314 1012 Aut
326 959 424 1012 redita
435 959 511 1011 nobis
523 961 632 1026 Aurora,
645 960 767 1028 diemque
778 961 882 1013 reducit
893 981 899 1024 ;

255 1027 365 1096 Nosque
377 1028 424 1080 ubi
453 1029 536 1080 rimus
548 1029 622 1097 equis
635 1028 728 1081 Oriens
739 1029 840 1081 afflavit
852 1030 961 1097 anhelis,
1057 1035 1109 1084 250

257 1096 319 1150 Illic
332 1115 390 1150 sera
401 1047 498 1149 rubens
510 1098 632 1150 accendit
642 1097 746 1150 lumina
759 1099 865 1166 Vesper.

256 1166 331 1218 Hinc
343 1172 511 1236 tempestates
524 1166 604 1219 dubio
616 1167 770 1235 praediscere
782 1169 847 1221 coelo

256 1234 408 1303 Possumus,
420 1236 483 1288 hinc
494 1237 637 1304 messisque
650 1237 720 1289 diem
732 1242 888 1305 tempusque
901 1237 1002 1289 serendi
1014 1257 1021 1300 ;

256 1304 294 1359 Et
306 1306 413 1373 quando
424 1306 537 1357 infidum
548 1307 627 1357 remis
639 1306 775 1374 impellere
786 1323 900 1358 manner

257 1373 404 1428 Conveniat
414 1394 421 1439 ;
440 1375 546 1443 quando
557 1381 672 1427 armatas
684 1374 813 1426 deducere
825 1375 927 1443 classes,

256 1443 315 1496 Aut
327 1445 511 1513 tempestivam
524 1444 597 1496 silvis
609 1450 725 1496 evertere
736 1444 838 1513 pinum

291 1513 319 1565 Ν
319 1529 349 1565 ec
360 1513 459 1567 frustra
472 1514 607 1581 signorum
619 1513 706 1565 obitus
719 1513 886 1582 speculamur
897 1518 924 1566 et
937 1528 1016 1578 ortus,

256 1581 480 1652 Temporibusque
492 1600 582 1651 parem
594 1583 704 1635 diversis
717 1587 830 1651 quatuor
841 1601 948 1637 annum.

256 1650 383 1720 Frigidus
395 1653 537 1720 agricolam
549 1653 571 1704 si
584 1653 691 1720 quando
702 1653 821 1705 continet
832 1652 923 1718 imber,

255 1719 354 1789 Multa,
366 1722 452 1775 forent
465 1739 523 1791 quae
535 1739 597 1774 mox
610 1722 674 1773 coolo
687 1722 850 1789 properanda
862 1739 958 1788 sereno,
1055 1725 1105 1774 960

255 1788 394 1844 Maturare
406 1791 502 1855 datur;
521 1791 618 1842 durum
629 1791 753 1859 procudit
765 1797 853 1843 arator

256 1858 376 1914 Vomeris
388 1860 475 1913 obtusi
488 1861 595 1912 dentem
605 1879 612 1923 ;
630 1865 707 1912 cavat
720 1861 810 1913 arbore
822 1860 914 1913 lintres
925 1880 931 1924 ς

255 1929 313 1982 Aut
324 1931 412 1999 pecori
425 1931 538 1997 signum,
550 1934 598 1981 aut
610 1946 732 1981 numeros
744 1930 876 1998 impressit
888 1930 994 1982 acerris.

255 1996 402 2052 Exacuunt
413 1999 461 2051 alii
472 1999 555 2051 vallos
567 1999 707 2065 furcasque
719 2000 845 2066 bicornes,

254 2068 346 2136 Atque
357 2068 483 2120 Amerina
494 2074 591 2136 parant
603 2068 682 2120 lentie
694 2068 842 2120 retinacula
854 2068 911 2123 viti.

254 2136 335 2190 Nunc
346 2138 433 2190 facilis
444 2138 527 2189 rubea
538 2144 646 2190 texatur
658 2138 750 2190 fiscina
761 2138 836 2204 virga
846 2156 853 2200 ;

253 2204 281 2259 N
281 2224 335 2259 unc
347 2213 445 2260 torrete
456 2207 512 2273 igni
524 2208 621 2275 fruges,
634 2224 706 2258 nunc
717 2208 833 2274 frangite
846 2224 915 2260 saxo.

255 2275 361 2345 Quippe
373 2277 454 2328 etiam
465 2276 540 2328 festis
553 2276 673 2344 quaedam
687 2294 806 2328 exercere
818 2276 910 2327 diebus

254 2345 307 2398 Fas
319 2353 347 2398 et
354 2348 418 2413 jura
429 2345 537 2399 sinunt:
554 2346 623 2399 rivos
636 2346 764 2397 deducere
776 2345 851 2397 nulla

254 2415 360 2484 Religio
371 2415 465 2482 vetuit,
478 2416 561 2483 segeti
571 2415 734 2483 pretendere
746 2431 841 2482 sepem,
1053 2416 1104 2469 270

254 2485 370 2539 Insidias
383 2485 475 2537 avibus
487 2485 581 2550 moliri,
594 2484 733 2536 incendere
745 2501 844 2551 vepres,

253 2553 453 2622 Balantumque
465 2571 571 2622 gregem
583 2554 663 2606 fluvio
675 2571 788 2605 mersare
801 2552 906 2606 salubri

253 2623 331 2704 Saepe
343 2624 400 2676 oleo
412 2625 482 2676 tardi
494 2630 578 2675 costas
591 2624 707 2691 agitator
718 2623 792 2675 aselli

254 2693 360 2745 Vihbus
372 2698 421 2746 aut
432 2699 524 2745 onerat
536 2693 619 2761 pomis
630 2711 637 2755 ;
655 2692 823 2760 lapidemque
835 2698 967 2744 revertens

255 2761 385 2840 Incusum
394 2768 443 2814 aut
451 2770 517 2840 atra
526 2779 641 2814 massam
651 2762 721 2832 picis
734 2762 801 2820 urbe
812 2770 944 2840 reportat.

277 2830 342 2891 Ιρη
353 2829 410 2876 ‹11oe
417 2829 486 2878 elios
494 2830 550 2882 alio
562 2831 641 2887 dedit
652 2836 751 2895 ordine
767 2840 850 2900 Luna

662 2930 680 2964 l)
