2700 3242
281 276 315 326 00
529 286 910 339 e.vmo1u11imnou1s
992 258 994 263 ’

283 386 417 453 Audierat,
430 386 521 454 Tyrias
534 387 596 438 olim
608 403 666 455 quoe
679 391 793 438 verteret
805 404 893 450 arces;

283 455 353 506 Hinc
365 456 493 523 populum
505 456 558 507 late
570 472 658 523 regem
671 455 791 523 belloque
803 455 945 523 superbum

283 524 432 575 Venturum
444 525 547 576 excidio
560 524 665 591 Libyse:
684 524 721 575 sic
733 525 836 575 volvere
849 524 951 577 Parcas.

283 592 314 643 Id
327 599 453 657 metuens,
467 593 613 660 veterisque
624 610 723 644 memor
735 592 860 644 Saturnia
872 593 942 660 belli,

284 661 372 713 Prima
384 662 453 728 quod
466 662 500 713 ad
512 662 616 729 'frojam
628 678 675 728 pro
688 662 755 712 caris
767 674 882 728 gesserat
891 662 970 728 Argis
980 681 1022 726 ;-
1126 718 1132 738 ἱ

282 729 337 781 Neo
350 731 414 781 dum
426 731 506 782 etiam
519 747 602 782 causae
615 731 715 781 irarum
727 730 840 797 saevique
852 730 952 783 dolores

282 797 443 851 Exciderant
455 799 558 852 animo:
575 803 665 850 manet
678 799 734 850 alta
744 804 833 850 monte
845 806 978 866 repostum

282 867 421 920 «Iudicium
434 868 544 934 Paridis,
557 873 703 935 spretaeque
714 868 812 934 injuria
824 869 922 935 formae,

282 935 318 988 Et
329 954 412 1004 genus
424 937 546 1003 invisum,
559 942 586 988 et
598 937 668 1004 rapti
682 937 839 1004 Ganymedis
851 937 961 989 honores
970 956 1014 990 :—

283 1003 333 1056 His
345 1022 454 1058 accensa
466 1023 550 1072 super,
559 1007 673 1073 jactatos
686 1023 787 1073 aequore
800 1011 855 1058 toto

282 1073 369 1141 lioas,
380 1075 503 1142 reliquias
516 1074 638 1126 Danaum
651 1079 731 1141 atque
743 1074 853 1126 immitis
865 1074 971 1142 Achilli,

283 1141 395 1195 Aroebat
407 1143 484 1210 longe
496 1143 589 1207 Latio;
606 1144 756 1211 multosque
768 1161 814 1210 per
825 1161 907 1196 annos

282 1210 419 1280 Errabant,
432 1212 486 1265 acti
497 1212 567 1279 fatis,
579 1213 663 1265 maria
675 1213 763 1264 omnia
775 1212 880 1266 circum

282 1280 374 1333 usntae
385 1281 461 1333 molis
473 1287 529 1333 erat
542 1282 687 1334 Romanam
700 1282 809 1333 condere
820 1288 933 1348 gentem

317 1349 370 1402 Vix
383 1367 397 1402 e
410 1356 550 1418 conspectu
562 1350 656 1404 Siculae
668 1351 770 1402 telluris
782 1350 811 1401 iu
822 1350 908 1402 altum

283 1418 349 1471 Vela
361 1419 460 1472 dabant
471 1419 528 1472 laeti
540 1426 567 1471 et
579 1437 685 1487 spumas
697 1419 758 1471 salis
770 1436 819 1470 aere
831 1418 943 1471 ruebant
954 1437 960 1482 ;

283 1487 372 1551 Quum
384 1488 403 1540 J
404 1505 465 1556 uno,
478 1494 604 1540 aeternum
619 1505 724 1540 servans
737 1488 785 1539 sub
797 1494 902 1555 pectore
914 1488 1018 1551 vulnus,

284 1556 349 1609 Haeo
361 1575 465 1610 secum:
484 1558 499 1584 “
507 1558 584 1610 Mene
596 1559 701 1623 incepto
714 1555 836 1608 desistere
848 1556 952 1622 victam,

282 1625 337 1679 Nee
349 1643 422 1694 posse
435 1626 515 1678 Italia
529 1625 688 1677 Teucrorum
699 1631 815 1677 avortere
826 1627 930 1691 regem!

283 1696 385 1763 Quippe
398 1700 471 1749 vetor
482 1695 551 1747 fatis.
581 1694 703 1755 Pallasne
715 1711 823 1746 exurere
836 1694 944 1746 classem

281 1764 418 1832 Argivum,
430 1769 510 1832 atque
522 1763 590 1831 ipsos
601 1764 690 1831 potuit
703 1762 867 1829 submergere
878 1770 967 1831 ponto,

283 1833 368 1886 Unius
381 1833 413 1885 ob
424 1850 520 1885 noxam
533 1839 560 1885 et
571 1834 654 1885 furias
666 1832 755 1900 Ajacis
768 1831 836 1884 Oilei
846 1831 856 1882 l

282 1903 350 1970 Ipsa,
363 1903 438 1956 Joris
449 1903 572 1970 rapidum
580 1903 700 1970 jaculata
711 1919 726 1952 e
738 1901 851 1952 nubibus
864 1901 960 1968 ignem,

280 1971 442 2040 Disjeoitque
454 1977 531 2038 rates,
544 1972 691 2039 evertitque
704 1987 808 2038 aequora
820 1971 922 2022 ventis:

280 2040 369 2108 Illum,
381 2041 558 2110 exspirantem
570 2041 696 2093 transfixo
708 2046 812 2108 pectore
823 2040 949 2106 flammas,

279 2110 394 2162 Turbine
406 2110 539 2177 corripuit,
552 2110 709 2177 scopuloque
721 2109 811 2160 infixit
822 2114 907 2160 acuto.

279 2179 329 2232 Ast
340 2196 395 2248 ego,
409 2196 467 2247 quse
479 2179 572 2230 dirum
583 2178 676 2230 incedo
688 2178 786 2246 regina,
799 2177 819 2229 J
820 2177 927 2245 ovisque

278 2247 315 2300 Et
326 2265 396 2302 soror
407 2254 435 2300 et
447 2249 550 2316 conjux,
563 2265 617 2300 uua
629 2265 690 2300 cum
701 2253 780 2315 gente
792 2252 832 2298 tot
844 2263 926 2299 annos

278 2316 353 2370 Bella
365 2335 433 2385 gero.
462 2317 498 2369 Et
510 2317 650 2385 quisquam
662 2334 761 2368 numen
773 2317 792 2368 J
793 2316 887 2368 unonis
899 2316 992 2368 adoret

278 2384 414 2451 Praeterea,
427 2391 475 2438 aut
487 2387 599 2454 supplex
612 2387 663 2438 aris
675 2386 795 2454 imponat
806 2386 931 2437 honorem
941 2383 970 2438 l'’

311 2454 386 2508 Talia
396 2456 531 2508 flammato
543 2473 631 2508 secum
644 2456 693 2508 dea
705 2455 781 2507 corde
793 2454 924 2521 volutans,

276 2522 432 2577 Nimborum
444 2524 473 2576 in
485 2525 606 2593 patriam,
619 2524 676 2578 loea
688 2525 744 2576 feta
755 2523 904 2576 furentibus
916 2523 1028 2590 Austris,

275 2592 390 2645 AEoliam
402 2594 482 2647 venit.
513 2593 565 2646 Hic
577 2600 651 2647 vasto
662 2611 710 2646 rex
721 2593 815 2645 AEolus
827 2599 904 2645 antro

271 2660 419 2715 Laetantes
431 2667 522 2715 ventos
534 2668 754 2732 tempestatesque
767 2679 870 2714 sonoras

254 2726 379 2807 Imperio
387 2733 499 2802 premit,
511 2751 546 2788 ao
559 2732 655 2790 vinclis
667 2738 695 2788 et
708 2749 811 2787 earcuo
820 2731 917 2783 ireuat.

237 2789 291 2846 lm
300 2797 489 2870 mdigmtffl
498 2822 606 2881 magno
620 2824 685 2863 eum
696 2819 840 2870 mimmius
848 2799 950 2854 montis
