2700 3242
361 469 396 524 P.
409 467 619 526 VIRGILII
643 467 856 528 MARONIs

318 621 898 765 sonions

432 906 561 960 LIBER
585 906 784 962 OCTAVUS.

529 1092 675 1108 mm

214 1232 223 1268 r
236 1215 301 1268 belli
313 1216 419 1284 signnm
431 1216 559 1269 Laurenti
571 1218 676 1269 Turnus
689 1216 723 1269 ab
736 1234 796 1270 arce

214 1285 297 1350 ntulit,
310 1293 337 1338 et
348 1303 428 1338 rauco
441 1292 610 1354 strepuerunt
622 1303 721 1339 cornua
733 1292 832 1353 eantu3

214 1371 271 1423 'que
282 1372 354 1407 acres
367 1356 499 1408 concussit
511 1372 597 1424 equos,
610 1361 694 1424 utque
705 1356 814 1423 impulit
825 1372 917 1420 arma5

214 1424 323 1492 {templo
335 1424 437 1477 turbati
449 1425 539 1492 animi,
552 1425 631 1476 simul
643 1442 721 1477 omne
732 1425 854 1477 tumultu

214 1493 826 1631 aenea{natissae}⁸

269 1602 275 1614 ·
811 1604 817 1627 s

214 1637 384 1699 ›ntemtorque
396 1632 475 1684 deum
487 1632 645 1698 Mezentius,
658 1633 777 1700 undique
790 1637 889 1700 cogunt

214 1700 296 1766 sxilia,
309 1706 336 1753 et
347 1700 415 1753 latos
427 1706 535 1754 vastant
547 1700 692 1753 cultoribus
704 1719 787 1769 agros.

214 1769 301 1821 ittitur
313 1776 340 1821 et
351 1770 443 1837 magni
456 1770 576 1822 Venulus
588 1770 723 1822 Diomedis
735 1771 769 1822 ad
781 1769 881 1835 urbem,

214 1838 232 1890 ii
245 1843 320 1907 petat
332 1838 471 1905 auxilium,
484 1845 518 1906 et,
530 1838 606 1892 Iatio
619 1841 759 1891 consistere
771 1840 890 1906 Teucros,
990 1840 1025 1892 10

214 1907 328 1959 lvectum
340 1907 443 1960 AEnean
455 1908 539 1975 classi,
552 1909 688 1976 victosque
700 1915 809 1977 penates

214 1976 288 2043 ferre,
301 1983 328 2029 et
339 1977 403 2028 fatis
414 1994 503 2044 regem
515 1993 542 2028 se
555 1977 640 2029 dicere
653 1978 733 2045 posci,

214 2045 302 2113 ioceat,
313 2046 464 2114 multasque
476 2047 532 2098 viro
545 2064 572 2098 se
584 2047 728 2114 adjungere
740 2052 832 2114 gentes
902 2042 905 2047 ’

214 2114 320 2182 udanio,
333 2121 360 2166 et
371 2115 426 2167 late
438 2115 514 2167 Latio
526 2115 715 2168 increbrescere
727 2133 830 2168 nomen,

214 2183 248 2235 id
261 2190 347 2236 stnmt
359 2184 400 2236 his
412 2185 512 2252 coeptis,
524 2201 610 2252 quem,
623 2184 645 2236 si
656 2186 765 2237 fortuna
777 2188 910 2253 sequatur,

214 2258 310 2305 entum
323 2270 419 2321 pugnas
432 2254 530 2322 cupiet,
543 2254 709 2306 manifestius
721 2255 779 2322 ipsi,

214 2339 264 2374 tam
276 2322 363 2374 Turno
375 2322 439 2390 regi,
452 2327 501 2374 aut
512 2323 569 2390 regi
581 2340 707 2392 apparere
720 2323 823 2376 Latine.

214 2390 286 2443 Talia
298 2408 345 2459 per
356 2391 477 2445 Latium:
495 2408 555 2460 quae
567 2392 770 2444 Laomedontius
782 2393 858 2444 heros

215 2465 279 2512 ncta
291 2459 383 2512 videns
393 2478 491 2528 magno
504 2478 627 2513 curarum
639 2461 753 2513 fluctuat
766 2467 847 2524 aestu3

214 2546 265 2598 que
276 2529 395 2582 animum
407 2547 479 2582 nunc
492 2529 545 2582 huc
557 2530 674 2596 celerem,
687 2548 759 2582 nunc
772 2530 869 2582 dividit
881 2528 954 2597 illuc,
986 2530 1022 2582 20

221 2603 363 2668 partesque
374 2599 445 2667 rapit
457 2599 550 2665 varias,
563 2616 663 2667 perque
675 2600 764 2652 omnia
776 2604 870 2652 versat.

214 2673 251 2720 tut
263 2684 338 2736 aquae
351 2667 495 2720 tremulum
507 2668 587 2721 labris
598 2669 646 2720 ubi
657 2669 749 2720 lumen
761 2669 853 2720 ahenis

214 2737 235 2789 ie
245 2753 435 2805 repermissum,
447 2743 496 2790 ant
506 2737 636 2792 radiantis
647 2738 768 2810 imagine
775 2737 876 2807 iruna,

214 2804 269 2856 ιώ
274 2805 420 2871 pervolitet
430 2805 487 2861 Iste
498 2807 565 2880 ioca,
576 2812 696 2887 jamque
707 2811 762 2870 sub
773 2827 861 2868 auras
