2700 3242
273 301 307 354 20
506 297 536 351 P.
549 296 711 354 VIRGILII,
722 295 884 349 Mnaorus

272 401 395 454 Carmina
406 399 448 454 vel
461 399 525 453 caelo
537 406 647 469 possunt
659 400 788 452 deducere
800 401 921 464 Lunnm3

272 470 437 524 Carminibus
449 470 522 522 Circe
534 470 614 522 socios
625 470 741 522 mutavit
753 470 845 533 Ulixi3
1083 471 1117 520 70

272 540 395 607 Frigidus
407 540 436 591 in
448 539 531 607 pratis
544 539 675 592 cantando
687 539 820 607 rumpitur
831 537 932 606 anguis.

273 608 369 664 Ducite
380 607 414 660 ab
425 607 490 660 urbe
502 608 616 674 domum,
627 625 687 660 mea
699 609 822 674 carmina,
835 607 924 659 ducite
935 606 1069 675 Daphnim
1106 617 1109 621 ’

272 678 357 730 Tema
369 678 418 729 tibi
430 678 488 729 haec
500 678 615 746 primum
627 677 727 745 triplici
739 677 841 729 diversa
852 676 937 729 colore

272 746 345 799 Licia
357 747 498 814 circumdo,
511 752 603 814 terque
615 746 672 798 haec
684 746 780 798 altaria
791 747 890 798 circum

272 815 394 883 Effigiem
406 816 491 879 duco;
509 832 617 867 numero
630 815 694 866 deus
706 815 806 883 impare
818 815 924 882 gaudet.

273 884 368 937 Ducite
381 883 414 936 ab
426 883 490 937 urbe
502 885 616 951 domum,
628 901 688 936 mca
701 885 824 952 carmina,
837 885 926 936 ducite
937 883 1071 952 Daphnin.

272 953 355 1007 Necte
368 953 452 1006 tribus
463 953 539 1005 nodis
551 959 646 1020 ternos,
658 953 795 1021 Amarylli,
808 954 921 1016 colores;

272 1021 364 1090 Necte,
376 1022 512 1090 amarylli,
524 1022 618 1086 modo;
637 1027 671 1089 et,
681 1022 797 1088 Veneris,
810 1023 859 1088 dic,
873 1022 979 1075 vincula
991 1028 1074 1075 necte.

272 1091 370 1146 Ducite
382 1091 416 1143 ab
427 1090 491 1144 urbe
503 1092 618 1158 domum,
629 1108 689 1144 mea
701 1092 825 1158 carmina,
838 1092 926 1143 ducite
938 1092 1072 1159 Daphnin

272 1159 363 1214 Limus
375 1167 407 1213 ut
419 1160 463 1212 hic
475 1161 598 1227 durescit,
610 1161 707 1212 ethaec
718 1166 751 1213 ut
763 1178 822 1213 cera
833 1161 954 1228 liquescit
1084 1164 1118 1213 80

274 1229 334 1283 Uno
347 1230 489 1298 eodemque
501 1229 573 1297 igni:
592 1231 629 1282 sic
641 1235 730 1282 nostro
741 1230 862 1298 Daphnis
874 1247 968 1282 amore.

273 1298 372 1368 Sparge
385 1299 489 1366 molam,
502 1306 529 1352 et
540 1300 647 1367 fragiles
659 1300 770 1352 incende
781 1299 911 1352 bitumine
923 1299 1025 1351 lauros:

273 1368 394 1436 Daphnis
405 1387 447 1420 me
459 1369 544 1421 malus
556 1370 619 1437 urit,
632 1387 680 1437 ego
692 1369 761 1421 hanc
772 1370 801 1421 in
813 1369 953 1436 Daphnide
965 1369 1077 1421 launrm.

273 1437 372 1491 Ducite
383 1437 417 1490 ab
428 1438 493 1491 urbe
505 1439 619 1505 domurn,
631 1456 691 1491 mea
702 1439 826 1504 carmina,
839 1439 927 1490 ducite
939 1438 1072 1506 Daphnin

274 1507 345 1560 Talis
357 1524 430 1560 amor
441 1508 576 1576 Daphnin,
589 1507 673 1574 qualis
686 1524 769 1574 quum
781 1508 848 1559 fessa
855 1509 1001 1574 juvencum

274 1575 326 1630 Per
337 1593 443 1628 nemora
455 1581 535 1644 atque
547 1576 614 1628 altos
627 1576 768 1643 quaerendo
780 1575 877 1627 bucula
889 1576 961 1628 lucos

274 1644 386 1714 Propter
397 1662 472 1713 aquae
484 1646 572 1697 rivum
583 1645 662 1696 viridi
674 1644 823 1712 procumbit
834 1644 863 1696 in
875 1645 946 1713 ulva,

276 1713 390 1781 Perdita,
403 1731 452 1766 nec
464 1731 527 1766 serae
539 1714 661 1766 meminit
673 1713 798 1766 decedere
810 1714 918 1766 nocti-

218 1807 221 1814 ·
275 1783 345 1836 'salis
358 1800 430 1835 amor
442 1788 539 1850 teneat,
551 1801 600 1835 nec
612 1783 647 1836 sit
658 1783 726 1834 mihi
738 1800 801 1835 cura
811 1783 918 1836 mederi.

274 1852 372 1907 Ducite
384 1852 417 1904 ab
429 1852 494 1904 urbe
506 1852 621 1920 domum,
633 1869 692 1904 mea
704 1853 828 1919 carmina,
841 1853 930 1905 ducite
942 1853 1076 1921 Daphnin
1086 1856 1119 1904 90

275 1921 333 1974 Has
345 1922 408 1974 olim
419 1921 528 1974 exuvias
540 1922 607 1973 mihi
618 1921 733 1990 perfidus
745 1922 790 1973 ille
801 1922 909 1989 reliquit

276 1991 390 2059 Pignora
402 2007 463 2043 cara
475 1991 522 2056 sui,
536 2008 595 2059 quae
607 2008 679 2043 nunc
691 2008 739 2058 ego
752 1991 842 2043 limine
854 1993 957 2059 inipso,

275 2060 362 2126 Terra,
375 2060 424 2112 tibi
435 2060 532 2112 maudo
542 2079 549 2124 ;
567 2060 664 2113 debent
675 2060 733 2112 haec
744 2061 854 2129 pignora
865 2060 998 2129 Daphnin.

275 2127 373 2181 Ducite
384 2129 418 2181 ab
429 2129 494 2181 urbe
506 2128 620 2195 domum,
632 2147 692 2182 mea
704 2130 827 2196 carmina,
839 2130 928 2182 ducite
940 2130 1074 2199 Daphnin.

276 2198 334 2251 Has
345 2197 439 2250 herbas
451 2203 531 2266 atque
544 2199 601 2251 haec
613 2199 698 2251 Ponto
710 2199 777 2250 mihi
788 2199 858 2250 lecta
869 2216 970 2252 venena

277 2266 291 2319 Ι
310 2284 337 2320 se
349 2267 423 2321 dedit
435 2267 543 2333 Moeris;
560 2274 707 2320 nascuntur
719 2267 834 2335 plurim
846 2267 938 2321 Ponto.

276 2284 327 2388 Hpis
340 2354 387 2404 ego
400 2354 468 2406 saepe
480 2338 575 2420 lupum
586 2338 644 2420 heri
656 2343 684 2390 et
696 2354 723 2390 se
735 2337 845 2390 condere
857 2338 930 2390 silvis

276 2403 380 2472 Moerin,
393 2424 461 2476 saepe
473 2425 574 2461 ammas
586 2408 646 2460 rmis
658 2408 745 2460 excire
758 2408 890 2476 sepulcris,

276 2475 365 2542 Atque
378 2481 447 2528 satas
459 2475 511 2530 alio
523 2478 578 2531 vidi
590 2478 727 2530 traducere
738 2495 839 2531 messes.

277 2542 373 2598 Ducite
385 2544 419 2597 ab
427 2545 491 2599 urhe
501 2547 615 2615 domum,
624 2564 683 2600 mea
692 2547 816 2614 carmina,
826 2546 915 2599 ducite
923 2546 1057 2615 Daphnin.
1071 2550 1119 2598 100

277 2612 328 2668 Fer
339 2615 445 2682 cineres,
458 2615 594 2684 Amarylli,
607 2617 683 2683 foras,
695 2617 804 2683 rivoque
815 2617 909 2668 fluenti

274 2682 411 2749 dhansque
423 2690 504 2752 caput
511 2687 578 2752 jace,
591 2703 639 2737 nec
651 2687 801 2753 respexeris.
831 2686 882 2737 His
894 2702 941 2752 ego
953 2685 1079 2755 Daphnin

252 2747 431 2825 &grentam
445 2753 521 2806 nihil
530 2755 580 2809 ide
592 2755 662 2827 deos,
675 2756 715 2810 nil
728 2755 847 2810 carmina
858 2761 941 2808 cruat.

234 2803 344 2864 Dum
354 2817 395 2868 ab
407 2819 477 2876 urhe
490 2825 613 2900 domum,
628 2847 693 2887 mea
706 2830 842 2899 carmina,
853 2825 946 2882 dueite
951 2823 1096 2893 Daphnim.
