2700 3242
269 321 323 375 356
502 316 532 371 Ρ.
551 316 706 370 VIRGILII
724 316 888 371 meliorus

269 419 368 476 Ascani
417 436 452 473 ue
464 435 549 473 comes
561 420 654 472 castris
666 425 783 472 statuere
794 424 942 488 cruentum,

269 491 391 544 Alternos
415 507 483 557 onga
494 490 624 541 nitentem
636 489 745 557 cuspide
756 506 867 556 gressus.

270 559 358 628 sevit,
371 564 398 612 et
410 559 525 611 infracta
536 558 655 610 luctatur
667 558 797 610 arundine
809 559 893 610 telum

269 628 385 697 Eripere,
398 628 550 696 auxilioque
562 627 640 693 viam,
653 644 713 694 quse
724 627 852 695 proxima,
864 627 967 695 poscit:

270 698 340 751 Ense
352 703 441 749 secent
452 697 507 749 lato
519 697 624 762 vulnus,
637 696 737 763 telique
748 695 878 748 latebram

271 766 434 819 Rescindant
445 766 559 834 penitus,
572 782 679 832 seseque
691 765 721 816 in
732 765 802 816 bella
813 765 961 817 remittant.
1068 769 1084 818 3

270 836 388 902 Jamque
400 835 491 887 aderat
503 833 601 886 Phoebo
614 840 676 885 ante
689 833 753 885 alios
765 834 878 886 dilectus
890 834 963 903 Iapis

270 903 384 957 Iasides:
403 904 457 956 acri
469 903 602 971 quondam
615 903 659 954 cui
671 909 766 970 captus
778 920 865 955 amore

272 973 332 1042 lpse
345 990 404 1025 suas
417 978 493 1037 artes,
506 989 554 1024 sua
565 989 683 1037 munera,
696 972 773 1023 laetus
785 972 880 1039 Apollo

271 1041 422 1109 Augurium
434 1041 615 1108 citharamque
627 1041 709 1092 dabat
720 1041 867 1109 celeresque
880 1041 999 1109 sagittae

272 1109 329 1177 Ille,
341 1115 373 1161 ut
385 1110 635 1230 depositiproferret
647 1109 704 1161 fata
716 1111 841 1178 parentis,

272 1179 343 1232 Scire
356 1184 498 1247 potestates
529 1178 650 1230 orbarum
662 1196 792 1246 usumque
803 1179 928 1232 medendi

271 1247 379 1314 Maluit,
391 1253 418 1299 et
429 1254 518 1300 mutas
531 1248 631 1315 agitare
643 1248 772 1314 inglorius
784 1255 861 1301 artes.

272 1317 367 1370 Stabat
379 1316 473 1368 acerba
483 1317 604 1383 fremens,
617 1317 753 1383 ingentem
764 1318 846 1368 nixus
857 1317 886 1368 in
898 1317 1013 1386 hastam,

271 1386 376 1452 AEneas‚
388 1403 484 1453 magno
492 1387 623 1454 juvenum
636 1393 663 1437 et
674 1387 808 1438 maerentis
821 1386 875 1438 Iuli

273 1454 415 1522 Concursu,
427 1455 541 1507 lacrimis
554 1455 702 1507 immobilia
733 1455 782 1506 Ille
795 1461 892 1508 retorto
1069 1461 1085 1508 4

272 1523 410 1577 Paeonium
423 1525 452 1575 in
463 1541 563 1576 morem
575 1525 660 1576 senior
673 1524 823 1576 succinctus
835 1526 945 1591 amictu,

272 1592 362 1646 Multa
373 1610 454 1645 manu
466 1594 568 1645 medica
581 1593 725 1661 Phoebique
737 1594 888 1662 potentibus
900 1594 990 1647 herbis

273 1662 459 1731 Nequidquam
471 1663 594 1730 trepidat,
606 1663 787 1731 nequidquam
799 1663 901 1731 spicula
913 1664 1010 1717 dextra

274 1730 413 1795 Sollicitat,
424 1739 583 1800 prensatque
595 1733 683 1784 tenaci
694 1733 793 1800 forcipe
805 1734 912 1785 ferrum.

273 1800 356 1853 Nulla
368 1801 439 1853 viam
450 1801 558 1854 fortuna
569 1802 638 1869 regit
649 1821 655 1864 ;
673 1801 742 1852 nihil
754 1808 847 1853 auctor
858 1801 953 1870 Apollo

274 1869 419 1934 Subvenit3
438 1876 465 1923 et
478 1887 561 1922 saevus
574 1871 672 1938 campis
684 1871 769 1937 magis
781 1888 812 1922 ac
823 1872 909 1938 magis
920 1871 1011 1924 horror

275 1939 425 2007 Crebrescit,
438 1941 596 2008 propiusque
608 1941 709 1991 malum
721 1946 768 1992 est.
798 1941 818 1992 J
819 1958 863 1992 am
874 1941 983 2008 pulvere
996 1944 1086 1994 coelun

275 2007 350 2061 Stare
362 2009 471 2072 vident;
490 2009 655 2076 subeuntque
667 2010 775 2076 equites,
789 2015 816 2061 et
828 2010 930 2078 spicula
941 2010 1037 2064 castris

274 2076 363 2130 Densa
375 2079 474 2130 cadunt
486 2079 586 2130 mediis.
617 2079 644 2130 it
656 2079 739 2130 tristis
752 2080 785 2130 ad
798 2079 897 2130 aethera
909 2079 1008 2132 clamor

274 2145 426 2199 Bellautum
435 2150 573 2215 juvenum,
587 2153 613 2199 et
625 2148 691 2199 duro
704 2147 752 2199 sub
764 2148 851 2199 Marte
864 2148 1015 2202 cadentum
1071 2154 1086 2201 4

275 2215 329 2267 Hic
341 2215 438 2283 Venus,
451 2218 560 2284 indigno
573 2217 630 2268 nati
643 2235 768 2268 concussa
780 2218 875 2282 dolore,

274 2283 447 2337 Dictamnum
459 2287 579 2353 genetrix
593 2287 693 2338 Oretaea
705 2287 790 2354 carpit
802 2286 835 2338 ab
849 2287 905 2354 lda,

275 2352 421 2405 Puberibus
434 2355 535 2406 caulem
547 2356 616 2406 foliis
629 2361 656 2407 et
668 2355 730 2407 flore
742 2362 888 2408 comantem

275 2422 427 2491 Purpureo:
445 2441 498 2475 non
510 2425 558 2476 illa
569 2425 631 2476 feris
643 2426 779 2492 incognita
791 2425 875 2493 capris

276 2492 408 2557 Gramina,
422 2510 504 2559 quum
517 2499 590 2560 tergo
603 2493 721 2545 volucres
733 2495 830 2545 haesere
843 2495 956 2561 sagittae.

276 2560 334 2612 Hoc
348 2561 444 2628 Venus,
458 2563 565 2614 obscuro
577 2564 672 2614 faciem
685 2564 848 2615 circumdata
859 2564 957 2631 nimbo,

270 2628 397 2697 Detulit;
416 2631 465 2682 hoc
478 2633 567 2682 fusum
579 2632 658 2682 labris
671 2632 869 2699 splendentibus
881 2650 988 2687 amnem

260 2701 366 2776 Indeit,
383 2703 489 2761 occulte
501 2702 637 2760 medicans
646 2720 656 2768 ·‚
671 2703 821 2773 spargitque
835 2702 952 2756 salubres

247 2775 410 2839 Ambrosias
423 2801 513 2857 sucos,
528 2786 559 2839 et
572 2775 733 2836 odoriieram
741 2788 891 2851 panaceam

236 2848 329 2914 Fovit
344 2876 383 2916 ea
398 2859 506 2919 vulnus
520 2856 645 2935 lympha
655 2850 799 2922 longaeuus
807 2844 884 2908 leli*
