2700 3242
274 283 325 334 160
499 281 529 334 Ρ.
548 279 703 333 VIRGILII
721 279 883 334 MARONIS

273 384 324 436 Ille
336 383 391 436 dies
402 384 504 465 primus
515 385 563 436 leti
575 385 728 452 primusque
739 384 870 436 malorum

273 453 357 506 Causa
369 454 429 506 furt.
464 454 556 522 Neque
569 455 640 506 enim
652 454 738 523 specie
749 455 854 506 famare
866 459 995 523 moretur,
1067 458 1119 513 170

271 522 298 575 N
298 540 327 575 ec
335 524 393 590 jam
404 523 535 575 furtivum
547 523 616 575 Dido
627 523 773 575 meditatur
785 540 915 576 amorem:

274 592 433 660 Oonjuginm
445 598 539 656 rocat;
556 592 605 643 hoc
617 593 742 660 praetexit
754 593 858 644 nomine
870 593 983 661 culpam.

307 661 449 730 Extemplo
461 662 550 730 Libye
562 678 671 728 magnas
683 661 706 712 it
719 661 802 713 Fama
812 678 859 729 per
871 661 991 728 urbes,-

272 729 363 797 Fama,
375 730 482 796 malum,
495 748 547 800 quo
559 748 612 782 non
625 730 699 782 aliud
711 730 825 782 velocius
837 730 938 784 ullum:

273 799 423 852 Mobilitate
435 801 515 867 viget,
527 800 646 868 viresque
658 799 772 867 acquirit
784 799 887 862 eundo;

272 867 358 922 Parva
370 875 444 921 metu
456 869 539 937 primo
550 888 557 933 ;
575 886 637 920 mox
650 885 705 920 sese
716 868 816 921 attollit
828 869 857 919 in
869 886 953 935 auras,

273 937 478 1006 ingrediturque
491 938 550 1005 solo,
563 944 590 989 et
602 944 684 1006 caput
696 937 766 989 inter
777 936 869 989 nubila
881 938 977 992 condit.

272 1005 351 1060 Illam
363 1008 442 1060 Terra
453 1024 555 1075 parens,
568 1008 607 1059 ira
619 1007 723 1059 irritata
735 1007 850 1072 deorum,

271 1076 433 1144 Extremam,
445 1084 477 1128 ut
489 1076 636 1144 perhibent,
650 1076 710 1128 Coeo
722 1076 905 1144 Enceladoque
918 1093 1029 1129 sororem

271 1144 423 1213 Progenuit,
436 1145 546 1213 pedibus
558 1146 669 1198 celerem
681 1151 709 1196 et
720 1143 870 1214 pernicibus
882 1145 930 1196 alis
941 1165 948 1209 ;
1067 1150 1119 1200 180

270 1213 592 1281 Monstrumhorrendum,
597 1216 698 1282 ingens,
705 1215 748 1266 cui
756 1219 819 1282 quot
828 1221 889 1266 sunt
897 1231 1002 1283 corpore
1010 1215 1119 1284 plumoe,

271 1283 321 1337 rot
333 1285 425 1352 vigiles
438 1285 507 1336 oculi
520 1284 616 1352 subter,
629 1284 750 1335 mirabile
762 1284 844 1350 dictu,

270 1353 321 1407 rot
333 1354 438 1421 lingua,
451 1354 562 1406 totidem
574 1353 619 1406 ora
632 1360 734 1419 sonant,
746 1359 786 1404 tot
799 1352 911 1420 subrigit
924 1370 1007 1408 aures.

270 1421 355 1475 Nocte
367 1423 439 1476 volat
452 1424 510 1475 coeii
522 1423 608 1475 medio
621 1429 749 1490 terraeque
761 1440 808 1490 per
819 1422 941 1474 umbram

270 1491 396 1559 Stridens,
409 1509 458 1545 nec
471 1492 543 1544 dulci
555 1493 671 1544 declinat
684 1492 787 1543 lumina
799 1509 896 1543 somno.

271 1559 341 1613 Luce
354 1562 427 1614 sedet
439 1569 525 1614 custos
538 1568 585 1614 ant
598 1561 694 1613 summi
706 1561 821 1612 culmine
834 1561 906 1627 tecti,

271 1629 396 1682 Turribus
408 1636 456 1682 aut
469 1630 538 1698 altis,
551 1638 578 1683 et
589 1648 700 1698 magnas
713 1631 818 1682 territat
830 1630 915 1693 urbes,

272 1699 338 1751 Tam
350 1700 407 1752 ficti
419 1701 546 1768 pravique
558 1707 646 1766 tenax,
659 1717 739 1767 quam
752 1700 850 1751 nuncia
861 1700 924 1752 veri.

271 1768 337 1821 Haec
350 1775 408 1820 tum
419 1769 562 1837 multiplici
575 1770 686 1837 populos
699 1786 815 1821 sermone
827 1768 945 1836 replebat

271 1838 401 1905 Gaudens,
414 1845 441 1891 et
453 1839 551 1907 pariter
563 1839 635 1891 facta
647 1845 727 1906 atque
739 1839 839 1890 insecta
851 1839 979 1892 canebat:
1059 1843 1120 1894 rao

271 1906 379 1960 Venisse
391 1908 501 1975 AEnean,
515 1908 625 1976 Trojano
637 1926 653 1960 a
666 1909 794 1974 sanguine
807 1914 916 1974 cretum,

271 1976 320 2028 Oui
333 1994 359 2028 se
372 1977 483 2045 pulchra
495 1978 550 2029 viro
564 1978 688 2044 dignetur
696 1979 809 2044 jungere
822 1976 890 2029 Dido
901 1995 908 2040 ;

269 2045 297 2098 N
297 2063 349 2098 unc
361 2047 474 2098 hiemem
486 2047 556 2099 inter
568 2064 594 2098 se
606 2047 682 2112 luxu,
695 2064 774 2113 quam
787 2046 873 2113 longa,
885 2047 980 2113 fovere,

271 2114 423 2183 Regnorum
434 2116 597 2168 immemores
611 2117 736 2183 turpique
748 2116 872 2184 cupidine
884 2122 980 2183 captos.

271 2183 337 2237 Haec
351 2185 449 2253 passim
461 2185 511 2237 dea
523 2185 592 2237 foeda
604 2185 692 2237 virum
704 2185 831 2236 diffundit
843 2185 872 2236 in
886 2201 938 2236 ora.

272 2254 396 2306 Protinus
409 2255 443 2306 ad
454 2272 542 2321 regem
555 2271 644 2305 cursus
657 2255 796 2320 detorquet
809 2254 914 2320 Iarban,

273 2322 448 2391 Incenditque
460 2325 578 2375 animum
591 2324 676 2389 dictis,
689 2330 768 2390 atque
780 2330 889 2390 aggerat
901 2324 960 2376 iras.

307 2393 360 2445 Hic
374 2393 521 2445 Hammone
534 2398 612 2459 satus,
625 2398 703 2460 rapta
716 2393 902 2445 Garamantide
914 2392 939 2444 N
939 2391 1047 2461 ymphn,

271 2460 380 2529 'l'empla
392 2463 411 2514 J
413 2463 455 2514 ori
467 2468 575 2514 centum
586 2462 648 2513 latis
660 2463 787 2514 immania
799 2463 894 2528 regnis,

272 2531 385 2583 Centum
396 2549 453 2583 aras
466 2532 570 2598 posuit;
589 2532 751 2598 vigilemque¹
759 2537 907 2583 sacraverat
919 2531 1008 2598 ignem
1062 2535 1118 2585 200

272 2599 404 2653 Excubiae
418 2600 509 2652 divum
522 2608 640 2665 aeternas,
653 2601 837 2669 pecudumque
848 2617 939 2652 cruore

267 2668 376 2735 Pingue
388 2669 480 2736 solum,
493 2675 520 2720 et
532 2670 611 2722 variis
623 2669 745 2722 florentia
756 2670 849 2721 limina
861 2670 943 2722 sertis.

253 2737 342 2802 Isque
353 2755 450 2793 amens
461 2739 556 2810 animi,
570 2745 598 2795 et
610 2756 715 2794 rumore
726 2756 849 2792 accensus
861 2755 958 2805 amaro,

235 2801 358 2860 Dicitur
367 2817 439 2866 ante
450 2830 523 2884 aras,
536 2814 631 2870 media
643 2813 717 2885 inter
729 2810 845 2867 nimina.
855 2808 957 2869 dum,
