2700 3242
406 303 573 359 numos
592 307 658 360 ΜΒ.
678 307 726 362 lx.
933 308 983 364 271

233 424 338 477 equum,
349 406 422 461 dives
432 407 517 489 pictai
531 407 611 461 vestis
623 413 650 461 et
662 408 729 463 auri.

221 494 278 599 :ts
282 477 803 615 ffitffltsttffittttis

395 587 402 612 t

221 616 272 668 itur
283 632 356 667 erma
368 621 468 681 tenens,
480 620 507 668 et
519 620 575 668 toto
586 616 685 667 vertice
697 633 778 684 supra
789 620 829 668 est
839 615 858 685 ε]

221 690 306 753 eptem
318 701 428 752 surgens
440 684 537 737 sedatis
549 682 670 736 amnibus
682 685 753 737 altus
945 689 982 741 30

221 754 314 805 icitum
327 753 437 820 Ganges,
449 760 498 805 aut
509 753 604 821 pingui
615 752 724 805 flumine
735 753 814 806 Nilus

221 842 228 874 ι
239 821 328 874 refluit
340 823 439 890 campis
451 828 478 874 et
486 824 544 889 jam
556 838 583 874 se
595 822 714 874 condidit
725 823 807 876 alveo.

221 891 319 943 ubitam
330 891 407 959 nigro
418 891 557 959 glomerari
568 891 677 959 pulvere
689 891 788 944 nubem

222 960 306 1012 iciunt
317 960 419 1028 Teucri,
431 976 462 1012 ec
474 959 596 1012 tenebras
608 961 744 1028 insurgere
755 961 862 1030 campis.

222 1046 242 1082 is
254 1027 288 1081 ab
299 1029 409 1082 edvmsa
419 1029 567 1082 conclamat
577 1029 646 1082 mole
658 1029 753 1083 Caicus
764 1048 771 1084 t

234 1099 335 1168 globus,
348 1117 363 1152 o
374 1102 451 1165 cives,
463 1099 577 1166 caligine
589 1098 706 1150 volvitur
717 1101 794 1154 atra!

224 1169 271 1221 citi
282 1169 389 1235 fernim,
402 1169 463 1221 date
474 1169 535 1234 tela
548 1167 667 1220 scandite
678 1184 767 1220 muros
779 1186 785 1221 :

222 1255 226 1289 ι
238 1237 320 1300 adest,
333 1236 400 1306 eja.”
435 1238 543 1304 Ingenti
555 1236 667 1288 clamore
679 1252 727 1303 per
738 1254 827 1290 omnes

222 1311 260 1356 int
271 1321 298 1357 se
310 1303 404 1357 Teucri
413 1310 511 1373 portes,
523 1309 551 1356 et
562 1303 659 1357 moenia
670 1304 809 1372 complent.

222 1391 257 1441 ue
268 1374 307 1426 ita
319 1374 454 1426 discedens
466 1379 625 1442 praeceperat
637 1373 753 1441 optimus
764 1373 843 1426 armis
941 1377 977 1428 40

222 1460 247 1496 s:
269 1442 297 1496 si
309 1459 362 1512 qua
374 1443 475 1495 interea
486 1443 594 1495 fortuna
605 1442 707 1508 fuisset

222 1517 307 1564 truere
319 1511 446 1565 auderent
458 1512 548 1578 aciem,
559 1528 613 1563 neu
625 1511 730 1564 credere
741 1529 833 1580 campo
844 1530 851 1576 ;

222 1581 313 1633 ‚modo
326 1586 353 1634 et
365 1587 437 1634 tutos
449 1587 582 1634 servarent
594 1596 689 1648 eggere
700 1597 794 1633 muros.

224 1650 274 1702 etsi
285 1650 402 1703 conferre
414 1667 523 1702 manum
534 1650 619 1718 pudor
630 1650 723 1717 iraque
734 1656 871 1718 monstrat,

221 1726 271 1771 unt
282 1725 371 1788 portas
383 1726 479 1786 tamen,
492 1726 519 1771 et
531 1736 614 1787 praece
633 1725 662 1771 ta
673 1719 815 1787 iacessunt,

222 1788 289 1856 ique
301 1790 372 1842 cavis
384 1794 538 1857 exspectent
550 1737 667 1841 turritus
679 1788 788 1841 hostem.

222 1875 245 1924 s,
257 1863 288 1908 ut
300 1863 362 1910 ante
373 1857 464 1910 volans
476 1858 583 1910 tardum
595 1863 761 1927 precesserat
772 1875 875 1926 agmen,

222 1927 237 1979 zi
249 1926 325 1979 lectis
336 1927 457 1995 equitum
469 1927 609 1980 comitatus
620 1932 648 1979 et
659 1926 720 1978 urbi

223 1996 294 2049 visus
306 1996 396 2049 adest:
414 1996 525 2048 maculis
536 2013 615 2064 quem
627 1995 755 2048 Thracius
767 1994 833 2048 albis

222 2084 225 2114 ;
238 2081 327 2132 equus,
339 2065 470 2134 cristaque
481 2065 549 2133 tegit
606 2082 637 2118 ea
648 2082 729 2118 aurea
739 2065 826 2118 rubra.
937 2067 972 2122 50

222 2135 253 2186 iis
265 2136 316 2188 erit
327 2153 437 2199 mecum,
446 2135 559 2201 juvenes
597 2134 642 2201 qui
654 2133 755 2201 primus
766 2133 796 2184 in
807 2130 932 2188 hostensi

222 2205 255 2270 it,
269 2210 296 2255 et
303 2202 423 2271 jaculum
435 2206 587 2268 attorquens
600 2201 699 2253 emittit
711 2200 740 2251 in
752 2215 836 2262 auras,

221 2274 296 2343 pium
307 2290 412 2355 pugna,
424 2277 452 2325 et
463 2289 555 2341 campo
567 2289 622 2324 sese
633 2271 732 2324 arduus
743 2271 832 2324 infert.

222 2360 249 2394 re
261 2343 399 2410 excipiunt
411 2340 480 2408 socii,
492 2341 652 2408 fremituque
664 2346 812 2408 sequuntur

225 2429 274 2465 ono
285 2430 292 2476 ;
309 2412 440 2464 Teucrum
451 2410 582 2463 mirantur
593 2410 690 2462 inertia
702 2410 795 2462 corda:

222 2498 279 2550 equo
291 2482 353 2534 dare
365 2497 392 2533 se
404 2497 503 2548 campo,
515 2498 569 2532 non
580 2479 657 2532 obvie
668 2480 736 2530 ferre

223 2553 299 2616 viros,
311 2551 356 2603 sed
369 2558 454 2602 castre
465 2551 559 2602 fovere.
595 2549 657 2601 Huc
669 2546 792 2600 turbidus
804 2551 884 2616 atque
895 2545 949 2599 huc

223 2627 238 2672 .t
249 2638 315 2688 equo
327 2637 421 2685 muros,
434 2619 588 2687 aditumque
600 2636 647 2686 per
658 2617 719 2669 avia
731 2617 831 2686 quaerit

224 2690 265 2742 uti
277 2689 354 2758 pleno
366 2689 445 2756 lupus
457 2689 596 2740 insidiatus
608 2686 671 2739 ovili

229 2760 319 2812 fremit
331 2759 365 2812 ad
378 2757 474 2827 caulas,
485 2764 578 2812 ventos
589 2773 732 2830 perpessus
743 2753 897 2820 etimnres,
945 2753 985 2801 Q

223 2844 298 2895 snper
307 2828 414 2893 media3
433 2830 489 2886 tuti
503 2831 556 2887 sub
567 2829 710 2888 metricus
719 2829 792 2899 agni
