2700 3242
527 293 695 347 AENEIDOS
713 294 779 347 LlB.
798 295 834 348 II.
1052 288 1102 342 117

253 396 414 472 Sanguineas
427 404 587 465 exsuperant
599 397 698 459 undas;
710 414 770 464 pars
782 403 868 447 cetera
880 401 990 464 pontum

253 467 327 519 Pone
340 467 413 534 legit,
426 467 585 533 sinuantque
598 467 724 518 immensa
737 466 868 517 volumine
880 473 953 532 terga
964 485 970 528 ς

253 535 300 588 Fit
313 537 421 602 sonitus,
435 542 574 604 spumante
587 535 647 588 salo.
683 536 797 602 Jamque
810 553 872 586 arva
884 536 1015 600 tenebant,

254 606 437 672 Ardentesque
450 605 537 656 oculos
550 605 651 656 suffecti
664 605 791 671 sanguine
804 613 830 655 et
843 605 907 670 igni,
1046 606 1097 654 210

255 674 341 726 Sibila
353 672 504 726 lambebant
517 673 615 741 linguis
628 674 791 725 vibrantibus
804 691 855 725 ora.

255 743 419 811 Diffugimus
431 743 489 795 visu
502 760 663 810 exsangues:
682 743 722 794 illi
734 742 839 810 agmine
851 748 922 794 certo

255 812 406 865 Laocoonta
417 819 519 880 petunt.
550 812 585 864 ut
597 813 712 880 primum
724 829 806 880 parva
819 812 930 863 duorum

255 881 370 950 Corpora
381 889 504 933 natorum
516 899 620 950 serpens
632 881 770 949 amplexus
782 889 893 948 uterque

255 951 391 1019 Implicat,
405 957 431 1002 et
442 951 548 1003 miseros
559 968 648 1002 morsu
660 951 811 1018 depascitur
822 958 895 1002 artus
905 970 912 1014 ;

255 1019 320 1072 Post
331 1020 427 1088 ipsum,
439 1020 539 1072 auxilio
552 1020 708 1072 subeuntem
720 1037 751 1071 ac
764 1020 817 1071 tela
829 1020 963 1085 ferentem,

255 1089 415 1158 Corripiunt,
429 1089 555 1158 spirisque
568 1089 653 1157 ligant
665 1089 816 1157 ingentibus
827 1108 833 1152 ;
851 1097 878 1140 et
886 1091 943 1157 jam

255 1158 301 1210 Bis
313 1158 431 1211 medium
443 1158 565 1227 amplexi,
578 1159 619 1211 bis
631 1159 698 1211 collo
710 1175 834 1225 squamea
846 1158 945 1210 circum

255 1227 342 1295 Terga
354 1227 418 1293 dati,
431 1235 556 1296 superant
567 1229 654 1296 capite
666 1233 693 1280 et
706 1228 849 1280 cervicibus
861 1228 929 1279 ultis,

254 1295 307 1349 ille
319 1296 398 1349 simul
410 1297 530 1349 manibus
542 1297 629 1350 tendit
641 1297 765 1349 divellere
776 1296 863 1362 nodos,
1046 1298 1096 1346 220

254 1365 382 1418 Perfusus
395 1367 466 1418 sanie
478 1367 559 1418 vittas
571 1374 681 1433 atroque
693 1383 792 1418 veneno
803 1384 810 1428 3

254 1435 388 1487 Clamores
399 1434 478 1487 simul
490 1435 630 1488 horrendos
643 1436 676 1487 ad
690 1436 774 1487 sidera
785 1434 873 1487 tollit:

255 1503 350 1566 Qualis
361 1505 487 1572 mugitus,
500 1505 570 1572 fugit
582 1523 665 1572 quum
677 1504 780 1556 saucius
792 1522 864 1556 aram

255 1573 366 1634 Taurus,
380 1579 407 1625 et
419 1573 544 1626 incertam
558 1574 674 1626 excussit
686 1574 786 1626 cervice
799 1574 917 1626 securim.

257 1641 294 1693 At
305 1642 404 1710 gemini
416 1643 492 1710 lapsu
505 1643 614 1695 delubra
625 1644 659 1695 ad
672 1660 774 1695 summa
786 1643 908 1695 dracones

257 1710 404 1778 Effugiunt,
417 1728 543 1780 saeraeque
556 1718 652 1780 petunt
664 1713 806 1764 Tritonidis
818 1730 912 1778 arcem,

254 1779 311 1839 Sub
324 1781 486 1849 pedibusque
498 1782 561 1847 deae,
574 1782 704 1850 clipeique
716 1781 765 1833 sub
778 1782 838 1833 orbe
851 1788 983 1849 teguntur.

253 1848 324 1900 “lum
337 1867 397 1902 vero
409 1852 562 1903 tremefacta
574 1868 657 1903 novus
670 1869 717 1919 per
728 1858 833 1919 pectora
845 1852 946 1902 cunctis

256 1918 380 1971 Insinuat
392 1937 490 1988 pavor3
508 1927 535 1972 et
547 1920 630 1972 scelus
643 1920 796 1988 expendisse
808 1927 950 1973 merentem

257 1988 405 2041 Laocoonta
417 1989 514 2055 ferunt,
527 2007 629 2041 sacrum
642 1989 687 2057 qui
700 1990 806 2058 cuspide
818 1990 897 2041 robur
1045 1993 1095 2040 230

198 2068 203 2105 ι
256 2057 372 2120 Loeserit,
385 2064 412 2110 et
424 2065 497 2126 tergo
509 2059 661 2110 sceleratam
673 2059 806 2110 intorserit
818 2059 928 2111 hastam.

256 2126 413 2179 Ducendum
426 2128 459 2179 ad
473 2128 544 2180 sedes
557 2128 733 2195 simulacrum,
746 2128 895 2196 orandaque
907 2128 974 2179 divae

256 2195 280 2247 N
281 2196 375 2247 umina
386 2197 557 2250 conclamant.

256 2264 405 2317 Dividimus
417 2283 503 2318 muros
516 2273 542 2319 et
553 2265 651 2318 moenia
663 2265 804 2333 pandimus
816 2265 903 2328 urbis;

229 2372 236 2381 .
254 2334 407 2402 Accingunt
419 2353 508 2388 omnes
519 2336 597 2404 operi,
610 2336 771 2404 pedibusque
784 2343 900 2387 rotarum

252 2402 406 2471 Subjiciunt
418 2405 513 2472 lapsus,
527 2412 553 2456 et
566 2413 676 2472 stuppea
689 2406 795 2457 vincula
807 2405 872 2457 collo

255 2472 410 2526 lntendunt.
438 2474 546 2526 Scandit
558 2474 646 2526 fatalis
659 2474 781 2525 machina
793 2491 887 2537 muros,

254 2542 323 2594 Feta
335 2543 430 2596 armis:
448 2545 521 2612 pueri
536 2544 633 2594 circum
646 2544 816 2610 innuptaeque
829 2543 922 2611 puellae

252 2611 336 2663 Sacra
347 2620 453 2675 canunt,
466 2614 608 2680 funemque
620 2630 701 2664 manu
714 2613 864 2678 contingere
877 2613 1000 2679 gaudent.

253 2680 308 2733 Illa
321 2680 399 2748 subit,
411 2682 555 2750 mediaeque
567 2682 670 2733 minans
684 2680 802 2732 illabitur
813 2681 879 2733 urbi.
1043 2686 1093 2734 240

253 2749 277 2802 0
289 2750 383 2828 patria,
395 2767 411 2802 o
422 2751 512 2830 dirim
526 2752 618 2805 domus
630 2751 721 2822 ilium,
735 2757 764 2808 et
775 2751 881 2826 inclyta
886 2752 963 2808 bello

198 2876 200 2927 i
243 2818 346 2867 Moenue
354 2817 558 2878 Dardanidum!
578 2831 681 2895 quater
693 2828 755 2902 ipso
768 2829 798 2885 in
808 2828 1013 2901 limineqtue
