2700 3242
264 312 314 363 188
491 307 520 361 P.
540 305 697 360 vlnulnss
716 303 878 357 Minurus

262 411 342 465 Nunc
354 409 449 462 dextra
461 407 627 476 ingeminans
639 407 717 472 ictus,
729 423 801 458 nunc
813 405 858 457 ille
871 404 984 456 sinistra.

261 481 288 534 N
289 498 318 533 ec
330 497 410 545 mora,
422 495 472 530 nee
484 478 592 545 requies.
620 476 707 539 Quam
718 476 805 526 multa
816 474 945 541 grandine
959 471 1041 523 nimbi

264 548 429 603 Culminibus
442 548 589 615 crepitant:
608 547 645 598 sic
657 545 745 596 densis
757 545 854 595 ictibus
867 543 942 594 heros

264 619 358 672 Creber
371 623 432 670 utra
450 634 484 669 ue
495 633 577 668 manu
589 615 679 683 pulsat
691 619 830 681 versatque
842 613 947 667 Dareta.
1058 615 1082 661 4·

264 687 333 740 Tum
345 693 421 756 pater
467 703 529 737 neas
541 684 680 753 procedere
692 683 797 750 longius
808 683 869 747 iras,

265 758 301 810 Et
314 756 404 809 saevire
417 755 511 808 animis
523 754 660 806 Entellum
671 752 745 804 haud
757 769 849 819 passus
861 749 960 802 acerbis
971 769 978 814 ;

267 826 318 879 Sed
330 826 410 877 finem
422 824 548 892 imposuit
560 839 665 890 pugnae,
678 823 828 889 fessumque
840 821 940 872 Dareta

266 895 381 964 Eripuit,
393 893 513 946 mulcens
525 892 610 958 dictis,
626 909 657 943 ac
670 890 736 943 talin
748 891 835 942 fatur:

268 967 283 994 “
294 963 399 1025 infelix,
412 979 470 1030 quae
483 969 559 1015 tanta
571 964 688 1015 animum
701 961 833 1014 dementia
844 956 935 1027 cepit'l

268 1034 294 1086 N
295 1050 328 1085 on
341 1033 407 1085 vires
420 1031 484 1083 alias
496 1049 670 1100 conversaque
682 1033 793 1084 numina
805 1027 907 1082 sentiet

269 1102 336 1154 Cede
348 1099 420 1152 deo.‘’
456 1101 583 1167 Dixitque
597 1107 632 1166 et,
645 1100 738 1167 proelia
746 1117 808 1153 voce
820 1096 931 1150 diremit

269 1164 320 1217 Ast
332 1163 410 1214 illum
421 1163 468 1214 fidi
481 1167 600 1234 aequales,
611 1185 699 1236 genua
711 1185 782 1235 aegra
794 1165 951 1228 trahentem,

270 1233 291 1286 J
291 1237 477 1300 natantemque
488 1238 600 1300 unoque
612 1238 701 1300 ceput,
713 1250 879 1300 crassumque
891 1249 1008 1284 cruorem

273 1302 323 1354 Ore
335 1304 500 1370 ejectantem,
512 1302 661 1370 mixtosque
673 1302 703 1354 in
714 1303 842 1369 sanguine
854 1302 953 1366 dentes,
1062 1303 1080 1351 4

271 1370 383 1423 Ducunt
395 1371 430 1423 ad
441 1388 536 1435 naves3
554 1371 710 1439 galeamque
721 1388 861 1439 ensemque
872 1371 960 1424 vocati

271 1440 430 1507 Accipiunt:
448 1440 565 1509 palmam
576 1441 682 1492 Entello
694 1447 853 1508 taurumque
864 1440 1026 1507 relinquunt

273 1508 327 1561 Hic
340 1510 431 1576 victor,
444 1527 569 1577 superans
581 1510 684 1575 animis,
696 1516 824 1578 tauroque
836 1510 976 1578 superbus:

272 1575 288 1602 “
296 1575 364 1627 Nate
376 1575 432 1642 dea,
444 1593 541 1643 vosque
553 1576 633 1642 haec,''
645 1576 741 1642 inquit,
755 1576 923 1642 “cognoscite
936 1577 1037 1643 Teucri,

273 1643 309 1695 Et
320 1644 386 1694 mihi
399 1660 457 1712 quae
468 1644 568 1695 fuerint
575 1644 696 1712 juvenali
707 1644 736 1695 in
749 1662 852 1711 corpore
864 1646 941 1708 vires,

271 1710 307 1764 Et
319 1728 371 1777 qua
383 1713 490 1764 servetis
502 1719 652 1764 revocatum
665 1731 682 1764 a
692 1721 776 1764 morte
788 1713 909 1765 Dareta.”

271 1776 356 1841 Dixit,
369 1783 396 1830 et
408 1779 511 1831 adversi
524 1787 615 1833 contra
628 1783 702 1834 stetit
715 1800 760 1834 ora
768 1783 884 1850 juvenci,

275 1846 327 1910 Qui
340 1848 439 1899 donum
451 1849 574 1903 adstabat
586 1869 700 1919 pugnae3
719 1852 849 1919 durosque
861 1853 972 1905 reducta

272 1916 391 1970 Libravit
403 1918 498 1972 dextra
509 1919 596 1971 media
608 1921 678 1972 inter
690 1938 788 1973 cornua
800 1929 886 1974 cestus

273 1985 388 2053 Arduus,
402 1987 560 2057 effractoque
573 1990 648 2042 illisit
660 1991 689 2042 in
701 2008 758 2042 ossa
771 1990 881 2044 cerebro.
1067 1996 1082 2044 4

273 2055 415 2123 Sternitur,
425 2058 603 2126 exanimisque
616 2066 730 2112 tremens
742 2061 892 2128 procumbit
904 2061 979 2113 humi
990 2060 1044 2115 bos.

274 2124 324 2176 Ille
337 2143 415 2193 super
427 2127 494 2178 tales
506 2127 620 2180 effundit
632 2135 736 2196 pectore
749 2147 840 2182 voces:

276 2193 291 2220 “
300 2193 376 2246 Hanc
388 2194 445 2261 tibi,
458 2195 539 2263 Eryx,
550 2195 682 2246 meliorem
695 2196 810 2247 animam
822 2213 868 2264 pro
880 2203 963 2250 morte
975 2197 1081 2250 Daretis

276 2261 396 2316 Persolvo
408 2282 414 2316 ε
433 2263 476 2316 hic
488 2265 571 2316 victor
583 2269 669 2315 cestus
681 2271 815 2332 artemque
827 2265 946 2332 repono.”

310 2326 439 2382 Protenus
452 2331 549 2384 AEneas
562 2333 641 2386 celeri
653 2342 753 2386 certare
766 2336 865 2403 sagitta

274 2395 384 2464 Invitat,
398 2400 444 2468 qui
456 2401 523 2453 forte
536 2403 626 2469 velint,
640 2409 667 2456 et
685 2405 794 2472 praemia
807 2406 900 2473 ponit3

274 2466 434 2536 Ingentique
445 2487 528 2522 manu
541 2472 642 2524 malum
655 2475 687 2524 de
700 2492 767 2526 nave
780 2475 876 2527 Seresti

274 2535 379 2603 Erigit3
397 2543 425 2590 et
436 2539 569 2592 volucrem
583 2544 692 2609 trajecto
705 2543 733 2594 in
745 2544 810 2596 fune
823 2544 978 2612 columbam,

276 2604 333 2668 Quo
346 2606 458 2660 tendant
471 2609 577 2676 ferrum,
589 2611 659 2663 malo
672 2616 809 2681 suspendit
821 2614 855 2666 ab
868 2614 929 2667 alto.

271 2674 423 2730 Convenere
436 2678 494 2747 riri,
507 2681 689 2750 dejectamque
702 2701 768 2735 aerea
781 2692 876 2736 sortem
1069 2689 1082 2737 4

253 2741 375 2811 Aemilii
384 2749 485 2818 gadem
504 2769 533 2808 et
548 2753 651 2826 primus
663 2753 779 2809 clamore
790 2754 904 2808 seeundo

236 2806 410 2881 Hffissvr'dae
422 2831 493 2883 ante
507 2845 607 2887 omnes
621 2830 681 2887 exit
693 2829 773 2885 loeus
782 2821 981 2898 Hippocoontis
987 2839 1001 2883 ἰ
