2700 3242
505 305 671 359 AENEIDOS
690 306 757 360 ΜΒ.
774 305 822 359 XI.
1036 310 1089 360 333

239 404 297 458 Aut
309 405 355 458 ille
367 405 395 458 in
408 411 499 474 pastus
513 413 685 476 armentaque
698 411 786 462 tendit
798 427 933 477 equorum,

239 473 298 526 Aut
310 480 431 527 assuetus
442 493 519 544 aquae
531 477 657 544 perfundi
668 478 778 530 flumine
790 486 853 530 noto

240 541 353 610 Emicat,
366 545 525 612 arrectisque
537 546 627 598 fremit
640 547 786 599 cervicibus
798 548 852 599 alte

240 611 392 664 Luxuriam
402 632 409 676 ;
427 613 576 682 luduntque
585 615 658 682 jubae
670 633 718 683 per
730 617 804 683 colla,
816 634 863 683 per
875 634 966 671 armos.

242 680 329 734 Obvia
341 683 392 749 cui,
405 681 559 734 Volscorum
571 684 627 736 acie
640 686 790 750 comitante,
804 686 915 738 Camilla

243 749 372 817 Occurrit,
384 752 519 820 portisque
531 750 565 804 ab
578 769 644 819 equo
656 755 749 821 regina
761 755 809 806 sub
823 755 886 822 ipsis

241 818 359 872 Desiluit
369 839 376 885 ;
394 837 474 888 quam
486 826 543 873 tota
555 821 646 874 cohors
658 823 765 876 imitata
776 824 876 875 relictis
1035 827 1088 878 500

242 887 286 940 Ad
298 894 395 941 terram
408 889 521 942 defluxit
533 891 607 958 equis
617 909 624 956 ;
642 897 702 943 tum
714 892 779 944 tolia
791 892 880 945 fatur:

240 955 257 985 “
264 955 359 1021 Turne,
371 958 412 1009 sui
424 959 518 1010 merito
531 960 552 1010 si
565 976 619 1026 qua
632 968 672 1010 est
684 958 782 1011 fiducia
794 961 865 1023 forti,

241 1025 335 1078 Audeo
348 1032 375 1078 et
387 1026 535 1078 AEneadum
547 1026 672 1093 promitto
685 1044 818 1078 occurrere
830 1037 932 1091 turmae,

242 1094 356 1176 Solaque
368 1094 515 1163 Tyrrhenos
528 1095 629 1163 equites
641 1095 679 1147 ire
691 1097 768 1148 obvia
780 1103 878 1148 contra.

242 1162 289 1216 Me
301 1181 357 1217 sine
369 1165 454 1233 prima
466 1181 548 1216 manu
560 1170 663 1216 tentare
675 1166 793 1232 pericula
804 1165 884 1216 belli:

243 1233 285 1284 Tu
296 1234 375 1302 pedes
387 1233 422 1286 ad
433 1249 522 1285 muros
534 1233 655 1300 subsiste,
667 1240 695 1285 et
706 1235 804 1285 moenia
816 1224 912 1285 serva.'’

243 1301 349 1354 Turnus
360 1303 394 1355 ad
406 1301 471 1368 hac,
483 1302 572 1354 oculos
584 1301 714 1355 horrenda
726 1304 755 1354 in
767 1303 870 1368 virgine
882 1301 968 1355 fixus:

246 1371 293 1424 “0
306 1371 384 1424 decus
398 1372 485 1425 Italiae
497 1372 578 1433 virgo,
590 1389 655 1437 quas
668 1371 754 1423 dicere
766 1378 861 1435 grates,

244 1440 350 1504 Quaeve
360 1439 456 1492 referre
468 1456 558 1507 parem
568 1439 578 1491 l
596 1440 642 1491 sed
654 1456 733 1505 nunc,
746 1444 786 1490 est
798 1440 886 1489 omnia
898 1437 1003 1504 quando

244 1508 300 1562 Iste
311 1509 416 1562 animus
429 1526 514 1577 supra,
527 1525 632 1559 mecum
644 1508 743 1576 partire
756 1507 877 1559 laborem.
1039 1509 1090 1560 510

243 1578 348 1645 AEneas,
360 1583 393 1630 ut
404 1579 476 1630 fama
487 1577 567 1628 fidem
578 1577 703 1645 missique
715 1581 851 1643 reportant

244 1645 438 1715 Exploratores,
451 1647 571 1714 equitum
584 1646 652 1698 levia
663 1645 798 1712 improbus
810 1662 883 1697 arma

244 1715 384 1781 Promisit,
397 1721 538 1784 quaterent
549 1732 654 1783 campos
667 1733 673 1777 ;
691 1717 747 1782 ipse
759 1715 843 1766 ardua
854 1712 951 1766 montis

244 1783 297 1837 Per
309 1785 412 1837 deserta
427 1786 486 1851 'ugo
499 1800 624 1852 superans
636 1784 764 1836 adventat
777 1784 811 1836 ad
823 1785 922 1837 urbem

243 1853 330 1906 Furta
341 1871 404 1934 paro
449 1854 479 1904 lli
492 1870 608 1905 convexo
619 1853 648 1904 in
660 1854 768 1905 tramite
780 1854 862 1920 silvae,

244 1922 283 1975 Ut
295 1922 380 1975 bimas
391 1929 494 1975 armato
506 1922 624 1974 obsidam
635 1921 721 1973 milite
733 1923 829 1976 fauces.

244 1991 286 2043 'lu
298 1991 464 2060 Tyrrhenum
477 1991 592 2059 equitem
605 1991 708 2042 collatis
720 1992 812 2058 excipe
825 1991 907 2057 signis
918 2009 925 2055 ;

244 2060 344 2113 Tecum
355 2078 415 2113 acer
426 2061 564 2128 Messapus
576 2061 633 2125 erit,
646 2066 793 2127 turmaeque
805 2061 915 2125 Latinae‚

244 2129 407 2198 Tiburnique
418 2147 530 2182 manus:
549 2129 623 2180 ducis
636 2135 663 2181 et
675 2135 706 2180 tu
719 2129 826 2196 concipe
838 2128 949 2181 curam''

245 2198 289 2251 Sic
301 2199 347 2265 ait,
361 2205 387 2251 et
399 2199 507 2267 paribus
519 2198 671 2267 Messapum
683 2199 712 2248 in
724 2198 816 2265 proelia
828 2197 906 2249 dictis
1039 2199 1091 2250 520

245 2267 521 2335 Hortatur-sociosque
534 2268 621 2334 duces,
634 2273 661 2319 et
673 2268 761 2335 pergit
772 2268 801 2317 in
813 2267 923 2318 hostem.

245 2337 295 2390 Est
307 2353 387 2390 curvo
399 2339 523 2390 anfractu
535 2336 625 2402 valles,
638 2337 805 2388 accommoda
816 2335 905 2387 fraudi

245 2406 439 2475 Armorumque
451 2407 525 2473 dolis,
537 2424 617 2474 quam
630 2406 716 2457 densis
728 2405 865 2456 frondibus
877 2410 965 2455 atrum

245 2476 330 2543 Urget
342 2476 476 2544 utrimque
488 2476 557 2528 latus
569 2495 575 2538 ;
593 2475 682 2527 tenuis
694 2491 746 2541 quo
758 2475 852 2525 semita
864 2474 948 2540 ducit,

246 2546 428 2614 Angustaque
440 2546 530 2598 ferunt
541 2546 631 2596 fauces
643 2545 783 2610 aditusque
794 2543 912 2610 maligni.

246 2615 325 2668 Hanc
338 2632 415 2684 super
427 2615 455 2666 in
468 2615 579 2683 speculis
592 2629 744 2680 summoque
756 2612 784 2663 in
796 2613 893 2665 vertice
904 2612 1002 2665 montis

245 2683 375 2737 Planities
387 2685 478 2752 ignota
486 2686 564 2751 jacet,
578 2683 683 2750 tutique
694 2688 816 2749 receptus
826 2700 833 2744 ;

246 2753 300 2808 Seu
312 2754 406 2806 dextra
418 2754 535 2820 laevaque
547 2752 612 2805 velis
624 2767 760 2804 occurrere
770 2767 882 2821 pugna,

245 2823 308 2877 Sive
316 2823 416 2874 instare
421 2821 504 2891 jugis,
519 2829 546 2876 et
556 2823 676 2895 grandia
688 2822 800 2878 voluere
812 2840 894 2878 saxa.
