2700 3242
277 314 327 367 116
510 319 539 372 P.
552 315 706 370 VIRGILII
726 319 888 372 MARONIS

281 419 336 471 Nec
349 420 435 472 dubiis
448 437 478 473 ea
491 421 566 488 signa
578 420 651 472 dedit
663 421 780 473 Tritonia
792 422 921 473 monstris.
973 461 981 471 .

282 488 336 540 Vix
349 491 463 558 positum
477 491 566 542 castris
579 490 763 542 simulacrum:
781 507 866 542 arsere
878 505 990 542 coruscae

281 557 435 610 Luminibus
447 559 558 610 fiammae
571 559 684 623 arrectis,
696 559 829 626 salsusque
841 577 887 626 per
899 568 972 611 artus

281 627 365 679 Sudor
377 627 426 693 iit;
444 635 535 696 terque
547 629 604 696 ipsa
616 629 674 692 solo,
687 628 806 680 mirabile
818 629 898 692 dictu,

281 695 405 763 Emicuit,
417 715 586 766 parmamque
599 697 684 749 ferens
696 697 851 764 hastamque
863 702 1026 749 trementem

280 765 421 834 Extemplo
433 766 561 818 tentanda
571 767 636 833 fuga
648 767 720 818 canit
732 783 836 833 aequora
848 766 956 818 Calchas
966 785 974 830 ;

280 834 306 886 N
306 852 335 887 ec
347 853 420 903 posse
432 835 560 903 Argolicis
572 836 689 887 exscindi
703 836 829 903 Pergama
841 836 908 900 telis,

281 904 375 957 Omina
387 905 415 956 ni
427 910 547 973 repetant
559 905 643 970 Argis,
655 922 804 972 numenque
815 905 950 970 reducant,

281 973 355 1036 Quod
368 972 460 1041 pelago
472 980 500 1026 et
511 973 598 1026 curvis
610 991 698 1025 secum
710 991 819 1026 avexere
832 974 934 1026 cannis.

280 1041 315 1094 Et
326 1059 403 1109 nunc,
417 1042 485 1110 quod
497 1043 596 1112 patriae
607 1049 686 1094 vento
698 1043 795 1110 petiere
807 1043 938 1110 Mycenas,

280 1111 360 1164 Arma
372 1111 484 1180 deosque
496 1118 591 1180 parant
604 1112 718 1176 comites,
731 1113 874 1180 pelagoque
888 1129 1005 1164 remenso

281 1180 419 1250 improvisi
431 1181 550 1233 aderunt.
587 1181 631 1233 Ita
643 1181 740 1248 digerit
751 1182 838 1234 omina
851 1181 966 1234 Calchas.

280 1249 357 1302 Hanc
369 1268 415 1319 pro
428 1250 546 1304 Palladio
561 1251 662 1313 moniti,
677 1268 724 1319 pro
736 1251 843 1303 numine
856 1251 915 1303 laeso

279 1317 400 1388 Effigiem
412 1326 533 1387 statuere,
545 1321 618 1372 nefas
632 1336 690 1386 quse
702 1320 777 1371 triste
790 1320 880 1387 piaret.

280 1387 357 1441 Hanc
370 1396 457 1441 tamen
470 1390 623 1441 immensam
636 1389 744 1441 Calchas
756 1389 875 1440 attollere
886 1387 981 1439 molem

280 1456 423 1510 Roboribus
435 1459 523 1525 textis,
536 1460 650 1526 caeloque
663 1458 771 1509 educere
780 1458 867 1524 jussit,

278 1525 319 1579 Ne
330 1527 411 1595 recipi
423 1527 511 1595 portis,
524 1534 572 1579 aut
583 1527 644 1579 duci
656 1527 685 1578 in
696 1527 793 1578 moenia
805 1527 885 1594 possit
895 1544 903 1590 ;

277 1594 337 1647 Neu
349 1596 476 1664 populum
488 1597 598 1664 antiqua
610 1596 658 1648 sub
670 1596 795 1662 religione
807 1596 882 1647 tueri.

278 1663 355 1726 Nam,
367 1665 389 1716 si
401 1670 487 1716 vestra
498 1682 592 1717 manus
604 1665 726 1717 violasset
738 1664 806 1718 dona
818 1665 951 1731 Minervae,

278 1732 345 1786 Tum
357 1750 483 1802 magnum
495 1734 607 1785 exitium
621 1734 701 1802 (qnod
715 1734 741 1784 di
753 1734 826 1801 prius
839 1750 914 1785 omen
926 1734 954 1784 iu
967 1734 1055 1801 ipsum

277 1803 437 1856 Convertant
446 1802 466 1870 l)
485 1803 584 1854 Priami
596 1803 704 1872 imperio
716 1801 916 1871 Phrygibusque
927 1804 1056 1857 futurum

277 1871 324 1925 Sin
335 1871 456 1924 manibus
468 1872 560 1925 vestris
571 1879 685 1924 vestram
697 1872 854 1924 ascendisset
867 1872 894 1924 in
906 1871 1005 1938 urbem,

277 1940 354 1994 Ultro
366 1941 455 1993 Asiam
466 1959 562 2010 magno
574 1941 687 2061 Pelopea
698 1941 732 1993 ad
744 1942 841 1993 moenia
852 1940 920 1993 bello

276 2008 430 2077 Venturam,
443 2016 470 2063 et
481 2017 581 2063 nostros
593 2028 624 2063 ea
647 2016 692 2063 ata
703 2027 808 2062 manere
820 2009 945 2079 nepotes?

276 2078 383 2132 Talibus
394 2079 496 2132 insidiis
508 2080 657 2148 perjurique
669 2085 725 2132 arte
737 2079 840 2131 Sinonis

277 2149 382 2202 Credita
393 2166 442 2215 res,
454 2150 576 2217 captique
588 2149 655 2201 dolis
667 2148 833 2217 lacrimisque
845 2148 948 2214 coactis,

278 2218 348 2281 Quos
359 2235 445 2300 neque
457 2218 576 2286 Tydides,
588 2235 638 2271 nec
650 2218 794 2270 Larisaeus
806 2217 929 2283 Achilles,

275 2286 302 2340 N
303 2305 336 2339 on
348 2305 411 2340 anm
423 2287 545 2340 domuere
557 2287 653 2353 decem,
665 2304 718 2339 non
730 2287 803 2339 mille
815 2287 917 2338 carinae.

310 2356 326 2385 “
334 2356 387 2409 Hic
399 2358 471 2410 aliud
483 2360 569 2425 majus
581 2356 683 2409 miseris
694 2356 830 2422 multoque
842 2353 1006 2406 tremendum

275 2420 406 2488 Objicitur
417 2421 508 2488 magis,
521 2428 600 2489 atque
612 2421 758 2488 improvida
770 2427 875 2489 pectora
887 2420 985 2474 turbat.

276 2488 401 2555 Laocoon,
414 2490 510 2542 ductus
522 2490 646 2558 Neptuno
659 2495 727 2541 sorte
740 2490 863 2555 sacerdos,

275 2557 407 2611 Solemnes
419 2565 526 2611 tainum
538 2559 672 2626 ingentem
684 2558 818 2611 mactabat
830 2559 864 2610 ad
876 2577 941 2611 aras.

275 2625 342 2680 Ecce
354 2634 443 2680 autem
455 2628 552 2695 gemini
564 2646 581 2680 a
593 2628 696 2680 Tenedo
709 2629 851 2696 tranquilla
863 2646 909 2697 per
921 2629 977 2682 alta

270 2693 414 2760 (Horresco
423 2697 550 2767 referens)
563 2698 696 2749 immensis
708 2698 812 2749 orbibus
823 2714 923 2765 angues

255 2761 431 2822 Ineumbunt
441 2768 547 2841 pelago,
560 2768 716 2843 pariterque
726 2767 850 2821 adiutore.
859 2767 993 2831 teudunt3

237 2830 363 2894 Pectora
376 2856 499 2912 quorum
514 2844 590 2901 inter
603 2843 710 2899 fluctus
720 2834 960 2906 mecta'yubuuut
