2700 3242
399 305 598 358 dnoncsccn
616 306 682 357 LIB.
702 306 748 357 Ν.
958 308 989 365 bl

222 426 228 457 ι
239 409 342 471 vocant,
354 405 493 471 conditque
504 404 624 455 natantia
635 404 736 455 lumina
749 421 859 457 somnus.

222 517 223 522 ,
240 488 274 523 ue
286 473 360 524 vale:
378 473 445 524 feror
457 473 558 539 ingenti
570 473 731 523 circumdata
742 479 823 539 nocte,

222 490 345 607 alidasque
357 540 406 591 tibi
418 540 533 605 tendens,
546 541 598 590 heu
610 557 662 590 non
675 546 728 605 tua,
741 540 841 606 palmas
851 540 866 592 l'

222 616 244 674 t,
256 613 283 658 et
295 625 328 658 ex
340 609 420 659 oculis
433 608 524 673 subito,
538 625 585 658 ceu
597 608 685 658 fumus
697 609 725 658 in
737 625 813 658 auras

222 675 323 726 mixtus
334 681 432 741 tennes,
444 677 514 741 fugit
526 677 644 738 diversa;
661 693 746 742 neque
758 677 841 739 illum,
939 678 989 725 500

222 749 331 794 mantem
341 745 516 810 nequidquam
528 743 639 808 umbras,
653 749 680 794 et
691 744 776 794 multa
788 745 918 795 volentem

222 828 261 877 re,
272 817 397 879 praterea
409 812 475 862 vidit
486 831 492 874 ;
510 829 557 862 nce
569 813 680 878 portitor
693 811 752 862 Orci

222 879 281 929 ›lius
293 878 420 944 objectam
431 896 521 946 passus
533 880 643 930 transire
655 880 784 946 paludem.

222 946 359 997 lfaceretl
377 964 427 1013 quo
440 964 473 1013 se,
485 953 561 1013 rapta
572 947 611 997 bis
624 949 741 1013 conjuge,
754 948 852 1000 ferreti

230 1014 296 1065 fletu
307 1031 402 1080 manes,
415 1032 466 1080 qua
479 1015 587 1065 numina
599 1032 660 1066 voce
672 1022 786 1066 moveret
796 1016 805 1068 l

223 1082 329 1148 quidem
341 1081 432 1149 Stygia
443 1083 523 1134 nabat
532 1084 588 1148 jam
601 1083 697 1149 frigida
709 1083 807 1149 cymba.

222 1166 264 1201 em
275 1150 352 1200 illum
363 1157 430 1201 totos
443 1151 579 1217 perhibent
591 1168 623 1201 ex
637 1151 726 1201 ordine
737 1168 837 1202 menses

222 1234 235 1268 e
247 1217 294 1268 sub
307 1219 378 1268 aeria
389 1219 483 1269 deserti
495 1219 528 1269 ad
541 1219 685 1284 Strymonis
697 1219 795 1269 undam

223 1285 280 1351 isse,
290 1291 317 1336 et
329 1287 420 1352 gelidis
432 1287 487 1336 haec
499 1287 622 1337 evolvisse
635 1287 682 1336 sub
695 1287 783 1351 antris,

222 1360 320 1404 centem
332 1355 417 1420 tigres,
430 1362 456 1404 et
468 1362 588 1420 agentem
601 1355 713 1405 carmine
727 1371 852 1420 quercus:
938 1356 986 1404 510

222 1421 250 1472 lis
260 1421 372 1488 populea
383 1439 490 1473 maerens
502 1422 645 1473 Philomela
658 1421 706 1472 sub
718 1423 810 1473 umbra

222 1505 272 1539 ssos
285 1490 402 1556 queritur
414 1491 489 1555 fetus,
503 1506 565 1556 quos
577 1490 657 1540 diuus
669 1496 756 1541 arator

222 1573 303 1608 nuans
315 1558 375 1608 nido
387 1558 525 1619 implumes
538 1557 667 1609 detraxit:
686 1566 715 1610 at
726 1558 772 1610 illa

229 1634 338 1690 noctem,
350 1643 473 1692 ramoque
485 1625 573 1676 sedens
585 1626 730 1676 miserabile
742 1643 845 1677 carmen

222 1697 285 1759 grat,
298 1700 324 1744 et
336 1694 431 1744 maestis
443 1694 496 1744 late
508 1693 563 1744 loca
576 1694 707 1760 questibus
719 1695 817 1761 implet.

222 1777 239 1811 a
251 1759 346 1827 Venus,
359 1777 411 1811 non
423 1762 472 1811 ulli
484 1761 600 1811 animum
610 1762 705 1812 flexere
718 1761 845 1828 hymenei
855 1779 862 1825 3

222 1845 232 1879 s
243 1827 413 1895 hyperboreas
426 1829 520 1895 glacies
533 1829 694 1896 Tanaimque
706 1831 826 1896 nivalem,

222 1912 278 1963 uque
292 1897 405 1963 Rhipaeis
418 1914 553 1962 nunquam
562 1898 670 1949 viduata
682 1899 782 1964 pruinis

223 1963 306 2024 rabat,
318 1971 421 2031 raptam
432 1965 580 2031 Eurydicen
592 1971 671 2032 atque
684 1967 758 2016 irrita
769 1965 839 2016 Ditis

222 2048 233 2083 a
244 2048 353 2099 querens
364 2051 369 2084 :
388 2040 479 2100 spretae
492 2033 614 2084 Ciconum
626 2051 677 2100 quo
689 2051 795 2084 munere
806 2041 909 2098 matres,
936 2036 985 2083 aad

222 2117 231 2150 r
242 2116 315 2150 sacra
327 2100 405 2151 desim
415 2101 588 2167 nocturnique
600 2103 671 2166 orgia
684 2102 787 2167 Bacchi,

222 2174 322 2234 srptum
334 2168 399 2220 latos
407 2171 531 2234 juvenem
544 2186 657 2235 sparsere
669 2186 715 2236 per
727 2186 808 2235 agros.

236 2251 346 2302 quoque,
358 2253 499 2287 marmorea
512 2249 590 2302 eaput
602 2253 618 2287 a
630 2237 729 2288 cervice
741 2237 872 2288 revulsum

222 2303 269 2370 gite
281 2319 363 2370 quum
375 2305 458 2354 medio
471 2313 575 2370 portans
588 2304 709 2370 OEagrius
721 2305 824 2355 Hebrus

222 2378 288 2435 eret,
300 2370 469 2437 ‘Eurydicen’
482 2388 533 2422 vox
545 2371 601 2438 ipsa
613 2377 639 2421 et
650 2370 746 2436 frigida
758 2370 856 2434 lingua,

226 2438 348 2489 miseram
360 2438 505 2504 Eurydicen
516 2440 531 2492 !'
549 2439 636 2489 anima
647 2438 764 2502 fugiente
778 2437 903 2498 vocabat;

222 2505 330 2572 rydicen'
342 2511 397 2556 toto
408 2506 553 2556 referebant
565 2506 672 2555 flumine
685 2506 772 2571 ripae.''

222 2589 255 2623 aec
268 2572 392 2623 Proteus:
410 2579 437 2623 ot
449 2589 475 2622 se
484 2573 559 2638 jactu
571 2571 643 2621 dedit
656 2586 742 2636 oequor
754 2573 781 2619 in
793 2572 876 2621 altum
887 2589 894 2632 ;

222 2656 265 2708 que
278 2640 358 2705 dedit,
370 2650 532 2706 spumantem
545 2639 642 2689 nudam
655 2639 703 2687 sub
716 2640 811 2688 vertice
823 2639 904 2690 torsit.

223 2725 257 2760 on
270 2707 367 2774 Cyrene
379 2727 386 2769 ;
403 2724 516 2772 namque
528 2707 597 2758 ultro
610 2706 690 2758 affata
701 2707 841 2759 timentem
847 2724 858 2761 ·.
938 2712 990 2759 ‘abb

222 2778 359 2851 Vatqllioet
371 2780 456 2829 tristes
465 2777 556 2830 animo
569 2779 703 2850 deponere
717 2801 805 2838 curas.

222 2856 302 2888 omme
312 2843 398 2894 morbi
410 2865 492 2904 cansa
499 2869 509 2913 ,·
527 2850 595 2908 hinc
608 2854 769 2910 miserabile
780 2851 938 2926 nymphe,
958 2845 965 2855 ⁸
