2700 3242
197 524 205 551 t

522 297 688 351 AENEIDOS
706 298 772 351 LIB.
791 300 812 351 Ι.
1052 298 1084 352 ‘Ji

245 397 295 449 Hie
303 399 362 466 jam
375 402 415 450 ter
428 402 535 449 centum
547 405 616 452 totos
628 395 782 464 regnabitur
793 415 874 448 annos

244 467 326 519 Gente
339 468 388 518 sub
401 468 538 531 Hectorea,
552 470 633 521 donec
645 467 736 532 regina
749 467 865 516 sacerdes

197 580 199 585 .
243 535 329 588 Marte
341 536 430 603 gravis
442 538 575 603 geminam
588 543 666 605 partu
680 534 754 586 dabit
768 535 818 586 Ilia
831 535 935 602 prolem.

245 606 310 656 Inde
322 605 395 673 lupae
407 606 482 656 fulvo
494 607 605 658 nutricis
618 606 734 671 tegmine
746 604 823 654 laetus

244 675 372 726 Romulus
383 675 499 742 excipiet
511 682 624 741 gentem,
637 680 664 725 ct
678 674 808 724 Mavortia
821 673 914 725 condet

243 742 350 808 itania,
364 743 545 811 Romanosque
558 761 604 796 suo
616 745 648 795 de
661 743 765 793 nomine
778 743 854 793 dicct.

246 811 293 863 iiis
305 829 354 879 ego
367 829 415 863 nec
427 819 511 863 metas
523 831 610 864 rerum
622 829 670 863 nec
683 817 801 878 tempora
813 829 880 878 pone
892 831 898 873 ;

243 881 388 949 hnperium
400 882 456 932 sine
468 882 520 932 fine
532 883 599 934 dedi.
636 882 706 944 Quin
720 898 811 946 aspcut
823 881 903 935 June,

243 949 307 1013 Quae
319 967 391 1002 mare
403 967 476 1002 nunc
488 958 620 1018 terrasque
632 956 705 1001 metu
719 949 865 1016 coelumquc
880 950 983 1017 fatigat,
1034 951 1085 1002 280

243 1019 356 1070 Consilia
368 1019 396 1070 in
408 1020 503 1070 melius
514 1020 615 1087 referet,
628 1035 783 1085 mecumque
797 1019 894 1070 fovebit

243 1087 381 1153 Romanos,
393 1105 482 1139 rerum
494 1088 617 1154 dominos,
630 1094 789 1156 gentemque
802 1096 926 1154 togatam.

242 1154 285 1209 Sic
297 1157 433 1225 placitum.
471 1158 565 1209 Veniet
577 1158 666 1209 lustris
680 1156 829 1207 labentibus
842 1165 912 1224 atus,

243 1225 331 1289 Quum
344 1226 436 1278 domus
449 1226 568 1279 Assaraci
581 1227 707 1278 Phthiam
720 1226 855 1293 clarasque
868 1228 992 1293 Mycenas

242 1294 355 1347 Servitio
366 1301 476 1363 premet,
488 1313 519 1347 ac
531 1297 608 1348 victis
621 1295 800 1347 dominabitur
812 1295 896 1361 Argis

241 1363 373 1416 Nascetur
384 1365 496 1432 pulchra
509 1365 635 1433 Trojanus
648 1365 747 1432 origine
761 1364 857 1427 Caesar,

242 1432 284 1484 Im
317 1433 387 1484 rium
401 1450 503 1499 oceano,
515 1434 613 1486 famam
626 1436 672 1503 qui
684 1433 809 1485 temiinet
821 1434 906 1499 astris,

241 1502 280 1553 Ju
293 1503 341 1569 us,
353 1520 370 1554 a
380 1519 477 1570 magno
489 1503 630 1555 demissum
642 1521 737 1555 nomen
753 1503 818 1554 Iulo.

242 1571 323 1624 Hune
335 1577 367 1624 tu
378 1571 442 1624 olim
454 1572 525 1638 coelo,
538 1573 626 1640 spoliis
640 1573 753 1625 Orientis
768 1576 902 1638 onustum,

244 1639 362 1709 Accipies
374 1657 481 1704 secura;
500 1642 635 1694 vocabitur
647 1642 690 1692 hie
703 1658 805 1708 quoque
820 1643 894 1693 votis.
1034 1643 1085 1694 290

243 1710 342 1779 Aspera
353 1716 413 1762 tum
424 1711 514 1778 positis
526 1712 664 1763 mitescent
678 1711 772 1760 saecula
785 1710 859 1761 bellis
874 1729 880 1772 ;

241 1778 313 1832 Cana
324 1779 403 1831 Fides
415 1786 442 1831 et
454 1778 540 1846 Vesta,
554 1781 634 1832 Remo
646 1796 707 1831 cum
719 1780 800 1831 fratre
813 1780 938 1842 Quirinus

241 1848 262 1900 J
263 1864 311 1901 ura
322 1848 443 1912 debunt;
461 1849 524 1900 dira
536 1849 604 1901 feno
617 1855 643 1900 et
656 1847 824 1915 compagibus
837 1848 916 1900 arctis

242 1917 405 1970 Olaudentur
416 1917 479 1969 beili
490 1925 573 1986 portae
585 1938 591 1981 ;
611 1919 695 1969 Furor
708 1918 803 1984 impius
816 1918 897 1980 intus,

241 1985 316 2040 Saeva
327 1986 419 2039 sedens
432 2004 600 2054 superma,
614 1994 640 2039 ct
653 1991 760 2038 centum
773 1987 877 2038 vinctus
888 1984 979 2036 aliems

241 2054 304 2108 Post
316 2062 422 2123 tergum
434 2056 515 2121 nodis,
528 2059 622 2108 fremet
634 2055 753 2107 horridus
765 2073 807 2106 ore
821 2054 954 2107 cruento.''

278 2125 344 2177 Haec
356 2125 412 2177 ait:
430 2130 457 2177 et
469 2125 542 2177 Maia
554 2127 674 2193 genitum
687 2125 805 2175 demittit
817 2124 850 2175 ab
862 2126 923 2189 alto,

203 2190 209 2209 '
241 2194 279 2246 Ut
291 2200 376 2261 terrae,
389 2200 472 2261 utque
484 2212 558 2247 novae
571 2201 682 2262 pateant
695 2194 860 2260 Carthaginis
872 2213 944 2245 aues

242 2262 298 2315 Hos
317 2263 366 2315 itio
378 2262 491 2331 Teucris,
504 2282 538 2316 ne
549 2265 600 2316 fati
613 2264 701 2315 nescia
713 2263 781 2314 Dido

241 2281 353 2384 Finizus
364 2337 473 2384 arceret.
509 2333 587 2385 Volat
599 2334 644 2384 ille
657 2350 704 2399 per
716 2334 778 2384 a'c'ra
789 2349 915 2398 magnum
1035 2336 1085 2386 300

242 2400 362 2469 Remigio
374 2400 483 2468 alarum,
496 2418 527 2453 ac
539 2403 627 2469 Libyae
640 2402 709 2452 citus
722 2401 827 2452 alseitit
839 2401 895 2452 eris.

243 2470 279 2522 Et
286 2473 345 2539 jam
354 2472 429 2537 jussa
440 2471 523 2534 iacit3
540 2477 695 2539 ponuntque
707 2470 804 2521 ferocia
816 2470 890 2520 Poeni

242 2540 335 2605 Corda,
349 2540 453 2592 volente
465 2540 530 2603 de03
548 2541 576 2591 in
589 2541 680 2608 primis
692 2539 783 2605 regina
795 2540 914 2605 quietum

241 2609 349 2677 Accipit
360 2609 391 2660 in
404 2609 515 2661 Teucros
527 2611 645 2662 animum
657 2618 823 2674 mentemque
835 2608 982 2673 benignam.

273 2679 311 2730 At
322 2678 383 2758 pius
404 2678 502 2731 AEnens
514 2697 560 2747 per
573 2686 675 2730 noctem
688 2678 802 2746 plurima
815 2677 930 2744 volvens,

240 2747 277 2799 Ut
289 2764 405 2815 prunum
415 2747 464 2797 iux
475 2748 544 2800 alma
557 2749 621 2801 data
638 2754 686 2818 est,
700 2747 774 2803 exire
786 2749 915 2822 iocosque

232 2815 471 2879 Ehploweuoros,
484 2834 552 2882 quas
566 2827 647 2876 vento
660 2826 811 2880 accesserit
827 2845 899 2893 erus,

647 2911 671 2948 H
