2700 3242
282 328 317 382 46
511 319 541 372 P.
560 318 718 372 VIRGILII
736 319 899 373 MARONIS

283 421 418 504 Scipiades
431 421 508 474 duros
520 421 596 488 bello,
609 424 636 473 et
648 426 682 488 te,
694 421 810 473 maxine
823 421 913 488 Oaessr,
1082 425 1134 478 170

284 493 336 553 Qui
348 509 419 544 nunc
432 491 555 543 extremis
568 490 636 542 Asiae
645 492 702 558 jam
713 491 797 542 victer
809 491 838 541 in
850 492 901 542 cris

284 560 421 617 Imbellem
432 560 528 612 evertis
542 559 665 611 Romanis
678 559 781 611 arcibus
794 559 898 611 Indum.

284 630 368 697 Salve,
380 647 477 697 magne
489 646 582 698 percus
594 629 711 696 frugum,
723 628 848 680 Saturnia
861 629 947 695 tellus,

283 700 385 768 Megna
396 698 499 752 virum:
518 698 568 751 tibi
579 715 620 750 res
632 698 748 764 antiquae
761 697 847 750 laudis
860 704 887 749 ei
899 700 964 750 eriis

284 769 427 837 Ingredier,
440 773 542 821 sanctes
554 785 633 819 ausus
645 766 778 818 recludere
790 767 883 834 fontes,

283 839 467 906 Ascraeumque
480 854 545 889 canc
558 836 676 888 Romane
687 852 734 904 per
745 837 842 904 oppidu
854 854 966 890 carmen.

318 908 396 960 Nunc
408 907 480 959 locus
493 923 615 958 arvorum
626 905 756 972 ingeniis:
775 921 833 972 quae
844 905 937 958 robora
948 907 1050 974 cuique,

284 977 348 1041 Quis
361 977 437 1042 color,
450 981 477 1027 ei
489 992 546 1044 quae
559 975 593 1026 sii
604 973 682 1026 rebus
693 980 790 1026 nature
801 975 922 1028 ferendis.

283 1045 409 1098 Difficiles
421 1045 537 1112 primum
548 1049 630 1110 terre,
643 1043 772 1110 collesque
783 1044 901 1112 maligni,

283 1114 381 1167 Tenuis
392 1114 439 1166 ubi
451 1114 552 1180 argilla,
564 1118 591 1164 ei
603 1113 718 1164 dumosis
730 1113 847 1165 calculus
860 1115 936 1181 ervis,
1080 1120 1131 1168 180

284 1182 404 1237 Palladia
414 1183 532 1251 gaudent
544 1182 610 1234 silva
622 1182 720 1235 vivacis
732 1183 814 1234 olivae.

284 1252 386 1306 Indicio
398 1258 445 1320 est,
458 1257 545 1304 tractu
558 1268 665 1318 surgens
678 1251 788 1303 oleaster
800 1251 890 1304 eodem

284 1321 424 1388 Plurimus,
437 1327 464 1374 ei
476 1322 552 1373 sirati
563 1320 650 1373 baccis
663 1320 825 1373 silvestribus
837 1322 901 1390 agri.

283 1391 321 1444 At
333 1408 391 1459 quae
403 1391 509 1460 pinguis
520 1390 625 1458 humus,
638 1390 763 1456 dulcique
774 1391 875 1458 uligine
887 1392 955 1457 laeta,

285 1461 388 1529 Quique
399 1461 521 1528 frequens
533 1460 620 1512 herbis
632 1464 659 1510 et
671 1459 766 1510 fertilis
778 1459 858 1512 ubere
870 1478 985 1530 campus,

284 1529 395 1594 Qualem
407 1546 474 1597 saepe
486 1529 658 1581 ceremoniis
671 1528 789 1580 convelle
802 1530 913 1581 solemus

283 1596 439 1666 Despicere:
457 1598 510 1649 huc
522 1599 630 1649 summis
642 1598 783 1664 liquuntur
794 1599 904 1667 rupibus
916 1617 1013 1656 amnes.

284 1668 450 1735 Felicemque
462 1666 573 1718 trahunt
585 1667 694 1718 limum:
713 1667 811 1733 quique
824 1669 911 1720 editus
923 1671 1029 1738 Austro,

283 1736 320 1789 Et
331 1737 427 1789 filicem
439 1735 525 1788 curvis
537 1735 649 1787 invisum
661 1737 746 1804 pascit
758 1737 868 1800 erutris;

284 1805 337 1858 Hic
350 1805 399 1858 cibi
411 1804 566 1874 praerelidas
579 1804 641 1856 olim
653 1806 790 1871 multoque
801 1806 913 1858 fluentes
1080 1811 1130 1858 190

284 1875 401 1927 Sufficiet
413 1874 517 1926 Baccho
529 1874 595 1926 vites
606 1893 613 1938 3
631 1874 675 1926 hic
688 1875 782 1926 fertilis
794 1892 861 1942 urei,

284 1943 337 1996 Hic
349 1944 443 2011 laticis,
457 1942 561 2011 qualem
573 1945 670 2012 peteris
683 1944 796 1996 libemus
808 1951 835 1997 et
848 1962 918 2011 auro,

284 2013 394 2066 Inflevii
406 2030 488 2081 quum
500 2013 606 2081 pinguis
619 2014 683 2066 ebur
695 2014 843 2081 Tyrrhenus
856 2014 889 2065 ed
902 2031 967 2079 eras,

284 2081 414 2135 Lencibus
427 2087 453 2134 ei
465 2083 559 2150 pendis
571 2083 703 2135 fumantia
714 2084 848 2135 reddimus
861 2089 929 2135 exie.

283 2152 331 2204 Sin
343 2157 462 2204 armenie
473 2151 557 2218 magis
570 2153 689 2203 studium
700 2153 849 2219 vitulosque
862 2153 937 2218 tueri,

283 2222 340 2273 Aub
351 2222 421 2273 feius
433 2221 529 2287 ovium,
542 2226 589 2272 nui
601 2228 706 2273 urentes
719 2222 791 2273 culte
803 2222 932 2289 capellas:

283 2290 380 2357 Saltus,
393 2296 420 2342 et
432 2290 514 2342 sciuri
527 2291 610 2358 perito
622 2291 767 2359 longinqua
778 2291 892 2354 Terenti,

283 2359 319 2412 Ee
332 2360 437 2428 qualem
448 2359 542 2412 infelix
555 2360 643 2412 amisii
655 2361 769 2412 Mantua
781 2378 910 2428 campum,

283 2428 438 2481 Pascentem
450 2429 539 2482 niveos
551 2429 658 2482 herboso
670 2431 779 2482 flumine
791 2448 893 2498 cycnos.

283 2498 343 2551 Non
355 2498 451 2566 liquidi
462 2499 586 2567 gregibus
598 2500 691 2566 fcnies,
704 2516 757 2550 non
770 2501 889 2567 gramina
902 2500 1013 2551 deerunt
1024 2519 1030 2562 ;
1080 2503 1131 2552 200

283 2566 326 2635 Ei,
339 2574 468 2635 quantum
481 2569 565 2637 longis
578 2574 687 2637 carpent
699 2576 819 2621 amente
831 2571 929 2636 diebus,

283 2635 388 2704 Exigue
401 2643 505 2690 tantum
518 2639 620 2705 gelidus
632 2657 673 2690 ros
686 2644 763 2690 nocie
775 2646 890 2708 reponet.

271 2704 360 2768 Mgrm
371 2707 430 2756 sere
441 2713 469 2759 et
476 2725 568 2776 presso
579 2709 687 2776 pinguis
700 2709 748 2760 sub
761 2726 862 2760 vomere
875 2718 951 2764 terra.

252 2765 298 2817 Et
307 2773 359 2844 qui
363 2779 450 2838 putre
462 2777 558 2847 selum,
572 2797 693 2851 namque
705 2779 755 2834 hoc
768 2779 904 2833 1111111111
916 2779 1024 2842 ursule,

256 2838 357 2892 filma
368 2841 542 2906 firmensis:
560 2853 693 2909 nonullo
708 2874 740 2910 ex
756 2871 865 2924 requcrc
879 2867 971 2904 cernes
