2700 3242
306 295 340 349 32
539 286 568 342 P.
581 288 737 342 vluelnn
756 289 919 343 MARONIS

305 392 501 460 Hedorumque
513 392 568 445 dies
581 393 703 446 servandi
715 397 742 445 et
754 393 859 445 lucidus
871 389 982 461 Anguis,

304 461 963 599 0121οἷ00100100012002
975 465 1058 518 Μ’

304 597 384 652 Libra
395 601 438 653 die
451 601 587 669 somnique
599 619 674 670 pares
687 600 733 653 ubi
745 601 838 653 fecerit
849 601 934 668 horas,

302 668 339 723 Et
351 670 468 722 medium
479 670 534 722 luci
546 676 627 738 atque
639 670 739 721 umbris
747 671 805 737 jam
817 670 914 722 dividit
926 671 1021 739 orbem,

303 739 437 807 Exercete,
450 740 509 806 viri,
520 745 610 792 tauros
620 758 627 802 ;
646 739 724 790 sorite
735 739 833 790 hordea
845 741 944 808 campis
1100 745 1153 794 210

303 808 391 876 Usque
404 809 453 860 sub
465 815 613 862 extremum
625 808 726 860 brumae
738 807 913 860 intractabilis
925 809 1052 864 imbrem:

301 877 327 928 N
328 895 356 929 ec
369 895 422 929 non
434 883 461 930 et
473 878 522 930 lini
534 884 648 946 segetem
660 884 688 929 et
701 877 804 929 Cereale
816 895 932 945 papaver

301 945 415 1015 Tempus
427 946 508 999 humo
520 954 615 1014 tegere,
628 952 655 998 et
663 946 822 1013 jamdudum
835 947 985 1000 incumbere
997 950 1099 1016 aratris,

299 1015 373 1068 Dum
385 1016 453 1069 sicca
465 1016 560 1069 tellure
571 1017 641 1082 licet,
654 1016 719 1066 dum
730 1015 823 1066 nubile
835 1016 958 1083 pendent.

301 1083 369 1137 Vere
380 1085 448 1138 fabis
461 1086 544 1149 satio;
563 1092 621 1138 tum
633 1091 660 1137 te
673 1101 786 1152 quoque,
799 1085 910 1151 Medica,
923 1091 1014 1154 putres

205 1150 212 1169 ³
301 1153 444 1221 Accipiunt
456 1155 530 1220 sulci,
542 1161 569 1207 et
580 1154 654 1206 milio
666 1154 741 1206 venit
753 1171 842 1206 annua
854 1171 924 1222 cura,

213 1226 214 1233 ’
301 1223 434 1276 Candidus
446 1225 546 1276 auratis
558 1224 643 1293 aperit
655 1240 738 1291 quum
751 1223 871 1274 cornibus
883 1241 983 1276 annum

300 1292 410 1360 Tamus,
423 1297 450 1346 et
462 1293 570 1347 adverso
582 1293 676 1346 cedens
690 1293 767 1344 Oanis
779 1292 875 1344 occidit
887 1301 965 1347 astro.

299 1361 337 1415 At
349 1362 372 1414 si
383 1363 515 1415 triticeam
526 1363 555 1414 in
567 1380 678 1415 messem
689 1362 848 1429 robustaque
860 1363 931 1415 farra

298 1431 439 1484 Exercebis
451 1433 570 1499 humum,
583 1432 695 1499 solisque
707 1431 817 1483 instabis
830 1432 924 1499 aristis,
1096 1439 1149 1488 220

298 1501 370 1553 Ante
382 1501 432 1553 tibi
444 1501 505 1554 Eoae
517 1502 668 1554 Atlantides
681 1500 882 1568 abscondantur,

299 1566 447 1637 Gnosiaque
459 1571 575 1623 ardentis
587 1570 697 1622 decedat
709 1569 786 1622 stella
799 1570 912 1637 Coronae,

297 1636 396 1692 Debita
408 1655 488 1706 quum
500 1640 578 1692 sulcis
590 1639 739 1691 committas
752 1639 858 1706 semina,
872 1656 1003 1709 quamque

298 1705 394 1760 Invitae
407 1726 527 1777 properes
539 1709 603 1761 anni
616 1725 688 1776 spem
700 1707 804 1760 credere
816 1714 899 1761 terrae.

297 1774 381 1829 Multi
392 1782 454 1830 ante
466 1795 587 1831 occasum
599 1778 677 1830 Maiae
690 1794 806 1844 coepere3
825 1778 870 1830 sed
882 1778 940 1831 illos

296 1843 446 1914 Expectata
457 1864 529 1915 seges
541 1847 616 1901 ranis
628 1847 707 1900 elusit
719 1847 813 1900 aristis.

296 1914 325 1967 Si
337 1933 397 1968 vero
409 1916 557 1985 viciamque
570 1934 636 1969 seres
649 1917 779 2036 vilemqrge
791 1917 910 1985 faselum,

295 1983 322 2036 N
322 2002 352 2037 ec
364 1985 505 2039 Pelusiecae
519 2004 608 2040 curam
621 2003 731 2054 asperna
763 2004 791 2038 re
803 1986 889 2051 lentis,

295 2052 378 2106 Haud
390 2055 499 2108 obscura
511 2057 606 2109 cadens
617 2057 708 2108 mittet
719 2055 769 2107 tibi
781 2056 857 2123 signa
868 2057 961 2109 Bootes
972 2077 979 2121 ;

202 2156 204 2173 .
295 2121 394 2192 Incipe,
406 2125 590 2177 etadmedias
603 2131 745 2177 sementem
757 2126 870 2177 extende
882 2127 997 2194 pruinas.
1094 2133 1146 2182 230

330 2193 431 2246 Idcirco
444 2194 521 2246 certis
534 2195 681 2246 dimensum
692 2193 811 2262 partibus
824 2195 912 2246 orbem

202 2281 206 2289 ’
294 2259 346 2314 Per
357 2262 478 2316 duodena
489 2264 557 2332 regit
569 2264 663 2315 mnndi
675 2263 718 2316 Sol
731 2281 826 2316 aureus
839 2271 917 2317 astra.

203 2382 205 2386 .
294 2330 417 2400 Quinque
428 2339 521 2386 tenent
532 2333 628 2385 coelum
640 2350 728 2387 zonae:
747 2349 860 2400 quarum
871 2351 926 2386 una
938 2352 1043 2389 corusco

202 2442 205 2449 .
293 2398 401 2468 Semper
413 2401 465 2454 sole
477 2403 572 2455 rubens
585 2409 612 2455 et
624 2404 723 2455 torrida
735 2420 836 2471 semper
848 2402 881 2455 ub
893 2404 950 2471 igni
961 2424 967 2467 ;

202 2493 205 2509 τ
293 2471 379 2532 Quam
392 2471 490 2523 circum
503 2478 627 2525 extremas
640 2473 735 2525 dextra
746 2472 865 2540 laevaque
877 2474 1029 2543 trahuntur,

293 2538 412 2592 Caerulea
423 2540 507 2608 glacie
520 2548 646 2594 concretae
659 2548 739 2610 atque
751 2542 879 2593 imbribus
891 2543 972 2597 atris:

203 2624 206 2671 3
291 2606 349 2660 Has
361 2609 430 2661 inter
441 2610 607 2677 mediamque
619 2611 680 2663 duae
692 2611 847 2663 mortalibus
861 2613 936 2678 aegris

290 2675 403 2729 Munere
415 2695 541 2731 concessa
555 2681 663 2743 divum;
681 2688 708 2734 et
720 2683 763 2734 via
775 2689 846 2736 secta
857 2702 903 2752 per
915 2683 1012 2751 ambas,

277 2742 413 2807 Obliquus
424 2764 479 2813 qua
491 2766 520 2801 se
531 2749 669 2818 signorum
682 2757 796 2804 verteret
808 2757 878 2803 ordo.

252 2799 391 2876 Mum&
408 2821 441 2867 vt
451 2819 492 2872 ad
502 2818 652 2889 Scythiam
667 2824 851 2895 Rhipaeasque
861 2820 965 2876 arduus
974 2838 1049 2873 eroes
1093 2826 1148 2873 aaa
