2700 3242
510 305 678 362 AENEIDOS
695 306 762 360 LIB.
780 306 828 361 IV.

241 408 391 464 candentis
401 425 488 463 vacca
499 409 588 462 media
599 409 670 461 inter
682 426 780 461 cornua
791 408 881 462 fundit
891 427 898 473 ;

241 482 302 532 Aut
314 486 378 532 ante
389 496 435 532 ora
446 479 526 531 deum
538 480 650 547 pingues
663 479 794 546 spatiatur
806 479 840 530 ad
852 495 918 544 aras,

243 550 437 616 Instauratqua
449 549 520 600 diem
532 549 615 614 donis,
627 547 811 615 pecudumque
823 548 932 600 reclusis

243 617 401 670 Pectoribus
412 617 519 669 inhians
532 617 659 685 spirantia
671 616 786 668 consulit
798 624 868 668 exta.

244 687 310 739 Heu
322 693 415 738 vatum
427 687 526 754 ignarae
538 687 657 738 mentes!
678 686 742 754 quid
755 693 818 738 vota
828 686 968 751 furentem,

245 756 320 820 Quid
332 755 442 807 delubra
450 757 548 823 juvant
559 756 568 807 l
604 755 653 806 Est
665 755 751 806 mollis
763 754 870 807 flamma
881 755 1011 807 medullas

245 825 363 892 Interea,
376 830 403 878 et
414 824 528 876 tacitum
541 823 608 877 vivit
621 824 668 875 sub
681 829 785 891 pectore
797 825 903 877 vulnus.

245 895 343 946 Uritur
354 893 449 945 infelix
461 894 537 960 Dido,
550 899 658 960 totaque
670 899 784 961 vagatur

245 962 321 1015 Urbe
332 963 438 1015 furem:
451 963 537 1030 qualis
550 963 668 1029 conjecta
680 979 757 1014 cerva
769 962 874 1030 sagitta,

247 1033 337 1096 Quam
348 1032 439 1100 procul
451 1033 586 1084 incautam
599 1049 706 1083 nemora
717 1031 787 1083 inter
799 1033 886 1084 Cresia
898 1032 958 1084 fixit
1061 1028 1094 1081 70

246 1101 344 1153 Pastor
355 1118 435 1169 agens
447 1101 515 1166 telis,
527 1101 657 1168 liquitque
669 1101 777 1153 volatile
788 1101 888 1153 ferrum

246 1170 377 1223 Nescius:
394 1170 442 1223 illa
453 1170 519 1237 fuga
531 1170 610 1221 silvas
622 1168 757 1237 saltusque
769 1176 893 1238 peragrat

246 1238 365 1292 Dictaeos
375 1257 382 1302 ;
399 1238 483 1291 haeret
495 1239 572 1291 lateri
583 1239 670 1290 letalis
683 1239 791 1291 arundo,

246 1307 330 1361 Nunc
342 1308 429 1361 media
441 1307 544 1360 AEnean
556 1325 644 1359 secum
656 1326 703 1376 per
714 1309 811 1361 moenia
823 1308 905 1374 ducit,

247 1376 423 1445 Sidoniasque
435 1382 550 1430 ostentat
562 1394 630 1445 opes,
643 1377 787 1445 urbemque
799 1383 918 1445 paratam
930 1395 937 1441 ;

249 1446 354 1514 Incipit
366 1446 447 1514 effari,
458 1447 597 1515 mediaque
608 1446 637 1497 in
650 1463 712 1498 voce
724 1448 839 1499 resistit:

247 1515 276 1568 N
277 1532 331 1567 unc
343 1516 442 1583 eadem,
454 1515 559 1567 labente
571 1515 621 1581 dic,
634 1517 755 1567 convivia
767 1517 869 1584 quaerit,

248 1584 398 1653 Iliacosque
410 1585 507 1637 iterum
519 1585 625 1636 demens
639 1585 731 1636 audire
742 1584 843 1637 labores

248 1653 386 1722 Exposcit,
419 1654 549 1721 endetque
561 1654 659 1705 iterum
671 1655 803 1705 narrantis
816 1655 849 1706 ab
862 1671 912 1707 ore.

248 1722 324 1790 Post,
336 1721 383 1774 ubi
394 1671 511 1790 digressi,
524 1722 665 1790 lumenque
679 1722 786 1775 obscura
799 1725 913 1776 vicissim
1062 1727 1096 1775 80

248 1792 330 1846 Luna
341 1792 444 1860 premit,
458 1792 621 1859 suadentque
633 1791 755 1843 cadentia
768 1793 853 1845 sidera
866 1811 975 1860 somnos,

248 1861 314 1915 Sola
326 1861 401 1914 domo
412 1866 505 1913 maeret
517 1878 608 1927 vacua,
621 1861 762 1929 stratisque
774 1863 873 1914 relictis

249 1930 381 1984 Incubat:
400 1929 477 1982 illum
490 1929 582 1982 absens
594 1930 728 1982 absentem
741 1931 869 1999 auditque
881 1932 1012 2000 videtque.

248 2000 309 2053 Aut
321 1999 420 2066 gremio
432 2000 583 2064 Ascanium,
596 2000 721 2065 genitoris
734 2000 848 2067 imagine
861 2007 946 2069 capta,

248 2068 370 2135 Detinet,
382 2069 522 2120 infandum
535 2069 557 2119 si
569 2068 660 2120 fallere
672 2068 755 2136 possit
766 2086 888 2122 amorem.
922 2107 926 2114 ·

249 2138 313 2190 Non
325 2144 417 2205 coeptas
428 2144 571 2205 assrngunt
584 2143 668 2188 turres
679 2155 687 2200 ;
704 2155 756 2188 non
769 2156 842 2190 arma
850 2140 978 2206 juventus

249 2206 372 2273 Exercet,
384 2211 508 2274 portusve
520 2213 568 2257 aut
580 2207 778 2274 propugnacula
789 2207 857 2259 bello

249 2276 323 2328 Puta
335 2280 447 2344 parant:
465 2275 581 2343 pendent
594 2292 672 2343 opera
683 2276 840 2345 interrupta,
853 2276 985 2344 minaeque

249 2345 392 2398 Murorum
403 2345 531 2411 ingentes,
544 2351 700 2412 aequataque
711 2346 835 2396 machina
847 2346 919 2398 coelo.

288 2413 374 2477 Quam
387 2413 464 2465 simul
477 2430 508 2465 ac
520 2414 568 2465 tali
581 2414 709 2482 persensit
721 2421 793 2481 peste
806 2415 890 2466 teneri
1063 2415 1098 2468 90

251 2482 320 2535 (lara
331 2483 351 2535 J
352 2483 406 2535 ovis
419 2484 523 2549 conjux,
536 2484 694 2534 reclamem
707 2483 809 2535 obstare
820 2483 918 2547 furori3

251 2550 360 2604 Talibus
372 2552 525 2619 aggreditur
538 2552 666 2603 Venerem
679 2552 803 2603 Saturnia
816 2553 909 2604 dictis:

249 2623 266 2652 ‘⁴
278 2620 418 2688 Egregiam
430 2638 490 2674 vero
503 2622 608 2674 laudem
621 2630 648 2675 et
660 2623 744 2690 spolia
755 2623 844 2690 ampla
856 2623 959 2675 refertis

251 2689 347 2756 Tuque
378 2706 476 2757 uerquc
488 2695 551 2742 tuus
563 2710 569 2752 ;
586 2707 714 2758 magnum
727 2698 754 2743 et
765 2693 934 2748 memorabile
947 2712 1058 2761 numen,

253 2758 317 2810 Una
328 2706 388 2810 uolo
401 2758 489 2810 divum
503 2759 524 2810 si
536 2759 636 2813 femina
649 2761 724 2816 victa
735 2761 854 2818 duorum
865 2770 917 2820 est.

249 2827 308 2877 Nec
315 2842 360 2876 me
369 2826 435 2878 adeo
444 2827 524 2897 fallit,
540 2832 657 2890 veritam
671 2841 699 2892 te
711 2839 821 2895 moenia
832 2847 941 2911 nostra,
