2700 3242
271 303 326 366 ’182
507 311 536 366 P.
555 312 712 366 VIRGILII
730 312 857 364 MARON
860 312 892 364 IS

274 411 311 466 Et
323 415 400 482 pater
410 412 467 482 ipse
478 430 560 466 manu
573 431 669 482 magna
682 414 817 466 Portunus
829 421 937 466 euntem

275 482 396 552 Intpulit.
426 483 479 536 Illa
492 485 518 538 N
519 492 562 538 oto
575 487 653 538 citius
666 485 819 552 volucrique
832 484 931 551 sagitta

274 552 318 604 Ad
330 560 428 605 terram
439 553 517 621 fugit,
530 559 557 605 et
569 559 648 621 portu
660 570 688 604 se
700 553 818 604 condidit
830 554 891 605 alto.

275 621 343 674 Tum
356 627 429 674 satus
441 621 565 688 Anchisa,
578 622 681 674 cunctis
694 639 727 674 ex
740 639 811 673 more
823 623 931 690 vocatis,

275 690 410 744 Victorem
421 709 518 759 magna
530 691 655 760 praeconis
667 709 730 745 voce
744 691 902 744 Cloanthum

230 818 233 824 ,
274 759 408 828 Declarat,
420 761 551 829 viridique
564 761 670 813 advebat
683 766 801 829 tempora
814 761 903 825 lauro;

275 829 443 898 Muneraque
455 830 484 881 in
496 847 576 882 naves
589 836 677 882 ternos
690 838 781 898 optare
790 832 919 898 juvencos

276 898 406 966 Vinaque,
419 906 447 951 et
458 901 562 967 argenti
574 917 703 966 magnum
716 899 762 950 dat
773 900 842 952 ferre
854 900 994 953 talentum.

276 966 290 1020 Ι
311 968 345 1019 sis
357 968 502 1037 praecipuos
516 968 669 1020 ductoribus
682 968 758 1020 addit
770 969 897 1021 honores:

301 1038 379 1089 ictori
390 1038 556 1105 chlamydem
569 1043 698 1103 auratam,
712 1055 792 1105 quam
804 1039 919 1107 plurima
931 1039 1031 1091 circum
1074 1041 1127 1091 250

276 1105 400 1174 Purpura
412 1107 547 1159 Maeandro
559 1107 661 1174 duplici
674 1107 799 1159 Meliboea
812 1109 946 1173 cucurrit;

276 1175 456 1245 Intentusque
468 1193 535 1245 puer
547 1177 671 1229 frondosa
683 1177 771 1244 regius
785 1177 835 1229 Ida

278 1244 386 1297 Veloces
394 1245 484 1314 jaculo
498 1263 586 1298 cervos
599 1263 729 1314 cursuque
741 1247 839 1314 fatigat

277 1314 351 1378 Acer,
365 1315 506 1367 anhelantiv
515 1315 615 1383 similis,
629 1333 708 1383 quem
720 1333 821 1384 praepes
833 1316 866 1368 ab
880 1316 929 1368 Ida

278 1383 423 1436 Sublimem
436 1384 548 1453 pedibus
560 1386 651 1453 rapuit
663 1385 683 1436 J
684 1385 739 1437 ovis
752 1386 867 1453 armiger
879 1385 962 1438 uncis.

278 1452 404 1521 Longaevi
417 1454 518 1522 palmas
530 1455 711 1522 nequidquam
724 1455 757 1505 ad
770 1455 856 1507 sidem
868 1456 983 1507 tendunt

279 1523 420 1586 Custodes3
439 1524 567 1592 saevitque
580 1541 676 1575 canum
689 1524 802 1575 latratus
814 1524 843 1576 in
855 1542 940 1577 auras.

278 1592 316 1643 At
329 1593 375 1658 qui
388 1592 482 1644 deinde
495 1592 582 1644 locum
595 1594 684 1644 tenuit
695 1594 795 1645 virtute
808 1595 961 1660 secundum,

278 1661 392 1714 Levibus
405 1661 467 1713 huic
480 1662 565 1713 hamis
578 1668 725 1714 consertam
737 1680 853 1731 auroque
865 1664 979 1715 trilicem

279 1730 406 1797 Loricam,
419 1748 498 1798 quam
510 1732 634 1783 Demoleo
647 1732 799 1784 detraxerat
812 1733 867 1799 ipse
1078 1735 1130 1786 260

279 1800 371 1852 Victor
383 1800 454 1868 apud
466 1800 588 1868 rapidum
601 1800 737 1853 Simoenta
749 1801 798 1852 sub
812 1803 861 1854 Ilio
874 1802 936 1865 alto,

279 1869 368 1921 Donat
380 1869 476 1921 habere
489 1870 552 1934 viro,
565 1870 645 1922 decus
658 1878 685 1922 et
699 1877 819 1922 tutamen
831 1871 860 1922 in
873 1872 959 1924 armis.

280 1939 333 1990 Vix
346 1938 420 1989 illam
432 1939 527 1990 famuli
540 1939 660 2007 Phegeus
674 1940 831 2007 Sagarisque
842 1941 964 1992 ferebant

279 2007 466 2076 Multiplicem‚
480 2009 587 2060 connixi
600 2010 716 2061 humeris
727 2029 734 2073 ;
752 2011 862 2062 indutus
875 2016 904 2063 at
916 2009 979 2062 olim

280 2077 417 2130 Demoleos
431 2095 509 2129 cursu
522 2079 641 2146 palantes
654 2079 734 2130 Troas
746 2078 849 2146 agebat.

281 2147 370 2199 Tertia
381 2148 449 2199 dona
461 2147 526 2198 facit
538 2149 656 2214 geminos
669 2166 702 2200 ex
716 2165 765 2200 aere
777 2149 884 2215 lebetas,

282 2217 444 2284 cymbiaque
456 2225 566 2284 argento
579 2218 696 2285 perfecta
708 2224 788 2285 atque
801 2235 893 2286 aspera
905 2217 993 2284 signis.

281 2286 397 2354 Jamque
410 2286 474 2338 adeo
487 2286 578 2338 donati
591 2303 688 2353 omnes,
700 2287 846 2354 opibusque
858 2287 970 2355 superbi,

282 2354 406 2408 Puniceis
418 2355 492 2407 ibant
505 2357 603 2407 evincti
616 2362 735 2424 tempora
747 2357 850 2408 taeniis:

281 2424 370 2487 Quum
384 2443 450 2477 saevo
463 2443 477 2476 e
491 2425 596 2493 scopulo
608 2426 695 2478 multa
708 2427 754 2478 vix
766 2434 823 2478 arte
835 2425 963 2492 revulsus,
1077 2429 1130 2480 270

282 2495 391 2546 Amissis
403 2495 489 2559 remis,
501 2502 581 2562 atque
594 2496 685 2546 ordine
698 2496 790 2547 debilis
803 2513 864 2562 uno,

283 2563 390 2614 Irrisam
404 2564 459 2615 sine
471 2564 569 2616 honore
581 2571 666 2616 ratem
680 2565 817 2633 Sergestus
829 2564 931 2633 agebat.

283 2632 374 2695 Qualis
387 2649 454 2700 saepe
467 2634 516 2685 vise
529 2633 671 2702 deprensus
684 2634 712 2685 in
725 2652 819 2702 aggere
832 2652 944 2702 serpens,

270 2701 356 2752 AE'rca
369 2719 448 2771 quem
463 2702 670 2774 obliquumrota
682 2705 795 2770 transiit,
808 2710 857 2756 aut
868 2705 956 2771 gravis
969 2704 1025 2756 ictu

255 2768 430 2827 Seminecem
444 2774 468 2830 li
486 2776 530 2832 uit
543 2794 610 2833 saxo
622 2775 796 2848 lacerumque
805 2773 909 2837 uiator,

239 2833 451 2918 Nequidquam
463 2793 565 2926 iougos
577 2851 695 2927 fugiens
708 2850 757 2908 dat
770 2863 882 2919 corpore
891 2849 990 2906 tortus,
