2700 3242
423 475 456 531 P.
471 467 679 530 VIRGILII
712 464 926 522 MAR'ONIS

357 671 996 768 AENEIDOS

533 897 660 952 LIBER
682 897 827 952 NONUS.

609 1064 741 1080 W

259 1152 357 1216 Areus
369 1171 400 1208 ea
411 1153 514 1208 diversa
525 1153 632 1224 penitus
645 1153 710 1205 dum
722 1157 797 1222 parte
809 1156 947 1220 geruum,

260 1223 326 1276 Irim
338 1224 370 1276 de
382 1223 446 1276 eoelo
458 1224 531 1276 misit
543 1223 669 1277 Saturnia
680 1223 754 1283 June

258 1293 394 1345 Audacem
406 1293 440 1345 ad
452 1293 579 1347 l'uruuna
614 1290 686 1344 Luco
698 1298 757 1343 tum
768 1292 837 1343 forte
848 1288 966 1360 parentis

260 1360 379 1414 Pilumni
391 1363 494 1414 Turnus
507 1368 609 1415 saerata
620 1360 690 1415 valle
703 1361 816 1412 sedebat.

259 1430 302 1484 Ad
315 1448 394 1499 quem
406 1431 443 1483 sie
454 1449 526 1484 roseo
538 1430 729 1484 Thaumantias
741 1447 784 1482 ore
797 1429 886 1481 locuta
897 1432 954 1480 est:

262 1497 277 1525 “
287 1499 383 1565 Turne,
396 1498 465 1566 quod
477 1497 580 1614 optanti
592 1497 687 1550 divum
699 1497 852 1574 promittere
863 1516 940 1552 nemo

260 1561 384 1628 Auderet,
396 1563 490 1614 volven
510 1563 593 1615 adres
604 1580 637 1615 en
650 1563 744 1615 attuht
755 1563 833 1617 ultro.

260 1630 367 1698 AEneas,
378 1632 442 1683 urhe
454 1637 481 1684 et
494 1633 568 1684 sociis
581 1639 607 1684 et
620 1632 701 1685 classe
713 1632 813 1694 relicta,

261 1699 370 1768 Sceptra
382 1700 498 1752 Palatini
511 1702 650 1770 sedemque
662 1702 760 1769 petivit
772 1698 889 1752 Evandri

260 1768 316 1822 Nee
329 1769 407 1823 satis:
427 1777 556 1823 extremas
569 1771 676 1838 Corythi
688 1772 837 1839 penetravit
849 1769 884 1821 ad
896 1768 981 1837 urbes,

260 1838 444 1907 Lydorumque
456 1857 572 1906 manum,
585 1839 705 1891 collectos
717 1846 803 1891 armat
815 1845 936 1906 agrestes.

261 1908 331 1973 Quid
344 1908 468 1962 dubitasl
487 1927 558 1961 nune
570 1916 674 1977 tempus
687 1925 773 1976 equos,
785 1925 856 1960 nune
868 1924 972 1976 poscere
986 1926 1057 1961 eum

261 1978 365 2047 Rumpe
376 1995 461 2030 moras
473 1996 569 2045 omues,
582 1985 608 2030 et
620 1978 729 2030 turbata
740 1979 826 2046 arripe
838 1979 946 2031 castra”

261 2046 345 2114 Dixit,
358 2055 384 2100 et
396 2050 425 2100 in
437 2049 532 2100 coelum
544 2048 650 2117 paribus
663 2065 690 2098 se
703 2047 811 2099 sustulit
823 2046 871 2098 alis
882 2066 889 2109 ;

261 2116 451 2186 lugentemque
463 2118 528 2186 iuga
540 2117 623 2169 secuit
636 2116 685 2167 sub
697 2116 810 2169 nubibus
823 2133 920 2168 areum.

261 2187 377 2254 Agnovit
386 2188 499 2255 juvenis,
512 2187 680 2255 duplicesque
692 2186 726 2237 ad
739 2186 824 2238 sidera
835 2185 937 2254 palmas

262 2255 383 2323 Sustulit,
396 2262 423 2308 et
435 2257 483 2308 tali
495 2257 642 2323 fugientem
655 2261 694 2307 est
706 2273 768 2308 voce
781 2261 902 2307 secutus:

259 2329 274 2356 “
283 2328 326 2392 Iri,
339 2327 418 2379 decus
430 2327 496 2393 eoeli,
527 2327 567 2378 uis
579 2332 606 2378 te
617 2327 684 2378 mihi
696 2324 811 2378 nubibus
824 2330 911 2376 actam

260 2393 365 2448 Detulit
378 2395 406 2446 in
418 2344 527 2447 terrasi
539 2394 610 2445 unde
622 2394 679 2444 haee
692 2397 747 2444 tam
760 2394 831 2445 clara
843 2399 950 2460 repente

260 2463 429 2531 Tempestas?
447 2464 564 2515 medium
576 2463 651 2515 video
664 2462 796 2514 discedere
808 2461 911 2527 eoelum,

260 2531 435 2601 Palantesque
447 2533 506 2601 polo
520 2533 615 2584 stellas.
651 2532 751 2599 Sequor
762 2532 850 2583 omina
862 2537 945 2595 tanta,

261 2602 384 2669 Quisquis
396 2604 424 2654 in
436 2620 510 2654 arma
522 2601 623 2654 vocas‚¹'
658 2605 693 2656 Et
706 2606 741 2656 sic
754 2605 848 2656 effatus
860 2605 894 2657 ad
909 2604 1007 2655 undam

250 2670 385 2726 Processit
397 2688 554 2744 summoque
566 2671 656 2725 huusit
668 2672 700 2723 de
713 2673 817 2739 gurgite
833 2670 962 2739 lymphas,

236 2743 335 2800 Multa
349 2747 414 2803 deos
428 2766 519 2820 orans,
531 2745 710 2815 oneravitque
720 2741 820 2794 athera
828 2741 906 2791 ustis.

263 2819 395 2896 ‘Jilmque
410 2824 504 2879 omnis
520 2820 629 2894 eampis
641 2815 782 2873 exereitus
791 2809 850 2861 'luat
861 2807 972 2872 sperus,
