2700 3242
291 304 344 359 276
534 302 564 358 P.
583 301 738 356 VIRGILII
756 300 918 356 MARONIS

292 400 347 462 Qui
359 399 416 454 rita
427 398 494 453 bene
506 400 596 454 credat
608 401 669 469 emi,
681 419 732 469 quo
745 401 838 466 tendis,
851 398 1004 452 honorem.’'

291 470 372 523 Nisus
383 471 418 522 cd
430 471 505 523 haec:
524 471 675 538 “Equidem
689 472 722 523 de
734 477 761 522 te
773 471 812 521 nil
824 470 877 521 tale
890 469 998 521 verebar
1010 485 1017 521 τ

290 541 346 594 Neo
358 544 493 595 fus—non.
529 541 572 594 Ite
583 558 625 592 me
636 542 733 592 referat
745 541 794 592 tibi
805 558 918 608 magnus
930 547 1055 593 ovantem

290 609 407 680 Jupiter,
419 616 467 663 aut
479 611 637 729 quicumque
649 609 732 662 oculis
744 610 800 661 haec
812 610 907 677 aspicit
918 611 1007 677 aquis.

291 678 342 732 Sed
354 681 377 733 si
389 681 541 749 quis—qua
553 696 599 730 mu
610 684 639 730 ta
650 679 723 730 rides
736 679 885 731 discrimine
897 678 982 730 tali—
1084 680 1136 731 210

291 746 320 801 si
332 749 391 817 quis
403 749 432 800 in
443 749 581 801 adversum
592 747 681 815 rapiat
694 764 801 799 casusve
813 747 918 813 deusve,

290 815 327 870 'I'e
340 834 471 887 superesse
483 817 563 870 velim
574 834 582 881 ;
599 822 648 868 tua
659 816 716 869 vita
727 816 831 883 dignior
842 822 913 869 meas.

291 883 340 952 Sit,
352 887 399 954 qui
410 903 452 938 me
463 892 570 954 raptum
581 902 673 954 pugna·
685 885 802 953 pretiove
813 885 961 937 redemtum

290 954 402 1008 Mandet
413 955 494 1006 humo
505 973 512 1017 ;
531 954 607 1006 solita
619 960 667 1006 aut
679 954 701 1005 si
714 953 806 1020 quaid
818 955 926 1006 fortuna
937 953 1047 1022 vetabit,

290 1022 401 1077 Absenti
412 1024 481 1075 ferat
492 1023 607 1090 inferias,
619 1023 775 1090 decoretque
787 1023 912 1090 sepulcro.

289 1091 350 1144 Neu
361 1092 440 1145 matri
451 1092 551 1143 miserae
564 1092 634 1144 tanti
646 1092 696 1143 sim
708 1109 788 1143 causa
799 1091 908 1144 doloris:

291 1161 356 1225 Quae
367 1167 395 1213 te
407 1160 468 1228 sola,
480 1176 553 1229 puer,
564 1161 656 1212 multis
669 1177 684 1212 e
695 1160 824 1213 matribus
836 1177 901 1213 ausa

292 1226 468 1294 Persequitur,
480 1227 571 1294 magni
583 1243 631 1278 neo
643 1227 742 1278 moenia
754 1234 829 1279 curat
841 1227 966 1279 Acestael'

292 1294 342 1346 Ille
354 1302 460 1347 autem:
481 1298 495 1322 “
503 1296 599 1348 Causas
611 1296 792 1362 nequidquam
804 1298 887 1348 nectis
898 1296 999 1364 inanes,

291 1362 346 1414 Nec
359 1381 417 1415 mea
425 1365 482 1430 jam
494 1371 598 1415 mutata
610 1364 667 1415 loco
680 1365 812 1416 sententia
823 1365 900 1418 cedit.
1085 1368 1135 1418 220

290 1431 495 1497 Acceleremus,'’
507 1434 554 1484 ait.
591 1433 692 1494 Vigiles
704 1435 781 1484 simul
795 1435 903 1486 excitat.
940 1434 985 1487 Illi

288 1495 446 1564 Succedunt,
459 1503 615 1566 servantque
627 1499 713 1552 vices:
732 1500 844 1553 statione
856 1501 949 1554 relicta

288 1564 348 1634 Ipse
360 1583 444 1619 comes
456 1566 482 1618 N
482 1568 520 1619 iso
532 1568 659 1635 graditur,
672 1585 812 1637 regemque
823 1571 970 1638 requirunt.

322 1635 413 1688 Cetera
425 1653 472 1704 per
483 1642 565 1689 terras
577 1654 665 1689 omues
678 1638 803 1690 animalia
815 1656 904 1691 somno

286 1702 425 1756 Laxabant
438 1722 513 1757 curas
525 1712 552 1757 et
564 1706 642 1758 corda
653 1705 736 1758 oblita
747 1706 882 1761 laborum:

285 1772 412 1825 Ductores
425 1774 554 1826 Teucrum
566 1775 652 1842 primi,
664 1774 767 1827 delecta
774 1778 909 1843 juventus,

286 1841 429 1893 Consilium
442 1843 550 1894 summis
562 1845 636 1910 regni
649 1845 770 1896 derebus
783 1844 922 1912 habebant,

285 1910 355 1972 Quid
367 1912 490 1978 facerent,
504 1913 594 1980 quisve
606 1913 698 1964 AEneae
707 1916 764 1982 jam
778 1916 891 1966 nuncius
904 1921 985 1969 esset:

284 1978 363 2031 Stant
374 1980 459 2047 longis
471 1980 563 2032 adnixi
575 1982 665 2048 hastis,
678 1989 705 2033 et
717 1988 792 2034 scuta
805 1989 930 2050 tenentes,

284 2049 433 2100 (lastrorum
445 2055 472 2101 et
484 2050 569 2117 campi
581 2051 673 2103 medio.
710 2052 777 2102 Tum
790 2052 869 2104 Nisus
881 2060 974 2106 etune
1078 2058 1129 2109 230

282 2116 414 2186 Euryalus
427 2119 564 2170 confestim
577 2119 674 2171 alacres
687 2120 822 2172 admittier
834 2129 927 2174 orant:

283 2185 349 2238 Rem
361 2205 492 2255 magnum,
506 2187 671 2256 pretiumque
684 2206 762 2240 morae
775 2190 837 2241 fore.
872 2190 977 2243 Primus
991 2192 1068 2244 Iulus

281 2255 392 2324 Accepit
404 2256 526 2324 trepidos,
539 2274 569 2307 ec
581 2257 675 2308 Nisum
688 2258 774 2310 dicere
782 2259 870 2326 jussit.

282 2323 349 2375 Tum
363 2326 398 2376 sic
412 2326 587 2393 Hyrtacides:
605 2327 727 2380 “Audite
740 2347 754 2380 o
767 2330 900 2381 mentibus
913 2329 998 2396 aequis

282 2392 414 2460 AEueadae,
427 2412 492 2446 neve
505 2395 562 2445 haec
574 2395 669 2446 nostris
683 2402 834 2462 spectentur
846 2396 879 2448 ab
891 2399 976 2463 annis,

282 2462 345 2526 Qua
358 2464 472 2515 ferimus.
510 2463 603 2514 Rutuli
617 2481 706 2515 somno
719 2465 831 2532 vinoque
844 2465 923 2517 soluti

282 2531 452 2595 Conticuere3
471 2531 557 2583 locum
570 2533 672 2583 insidiis
685 2535 867 2600 conspeximus
880 2535 938 2602 ipsi,

281 2599 333 2663 Qui
346 2607 419 2667 patet
431 2601 459 2651 in
472 2601 542 2652 bivio
555 2609 644 2668 portae,
657 2619 715 2668 quse
725 2604 848 2721 proxima
859 2611 958 2671 pout03

274 2668 427 2740 Interrupti
440 2671 522 2739 ignes,
535 2676 643 2738 aterque
655 2671 690 2721 ad
702 2671 723 2721 si
743 2689 787 2722 era
799 2673 888 2723 fumus

260 2739 409 2811 Erigitur,·
429 2743 452 2799 si
465 2743 578 2799 fortuna
589 2739 747 2814 permittitis
756 2741 808 2803 uti,

194 2878 201 2889 .
252 2812 413 2882 (lusesium
429 2819 542 2876 AEnoau
555 2817 593 2874 ud
607 2811 863 2872 moenial’allauteu
