<?xml version="1.0" encoding="UTF-8"?>
<!DOCTYPE html PUBLIC "-//W3C//DTD XHTML 1.0 Transitional//EN"
    "http://www.w3.org/TR/xhtml1/DTD/xhtml1-transitional.dtd">
<html xmlns="http://www.w3.org/1999/xhtml" xml:lang="en" lang="en">
 <head>
  <title>
</title>
<meta http-equiv="Content-Type" content="text/html;charset=utf-8" />
  <meta name='ocr-system' content='tesseract 3.04.00' />
  <meta name='ocr-capabilities' content='ocr_page ocr_carea ocr_par ocr_line ocrx_word'/>
</head>
<body>
  <div class='ocr_page' id='page_1' title='image "./operaomnia00virggoog/operaomnia00virggoog_0019.png"; bbox 0 0 2700 3242; ppageno 0'>
   <div class='ocr_carea' id='block_1_1' title="bbox 515 313 1101 379">
    <p class='ocr_par' dir='ltr' id='par_1_1' title="bbox 515 313 1101 379">
     <span class='ocr_line' id='line_1_1' title="bbox 515 313 1101 379; baseline 0.015 -13"><span class='ocrx_word' id='word_1_1' title='bbox 515 313 696 368; x_wconf 81' lang='lat' dir='ltr'><strong>BUCOLICA.</strong></span> <span class='ocrx_word' id='word_1_2' title='bbox 730 315 804 369; x_wconf 77' lang='lat' dir='ltr'><strong>Eun</strong></span> <span class='ocrx_word' id='word_1_3' title='bbox 824 315 854 368; x_wconf 85' lang='lat' dir='ltr'><strong>V.</strong></span> <span class='ocrx_word' id='word_1_4' title='bbox 1071 324 1101 379; x_wconf 92' lang='lat' dir='ltr'><strong>ll</strong></span> 
     </span>
    </p>
   </div>
   <div class='ocr_carea' id='block_1_2' title="bbox 209 415 1108 2840">
    <p class='ocr_par' dir='ltr' id='par_1_2' title="bbox 251 415 895 470">
     <span class='ocr_line' id='line_1_2' title="bbox 251 415 895 470; baseline -0.002 -1"><span class='ocrx_word' id='word_1_5' title='bbox 251 415 306 470; x_wconf 85' lang='lat' dir='ltr'><strong>Hic</strong></span> <span class='ocrx_word' id='word_1_6' title='bbox 319 415 414 468; x_wconf 84' lang='lat' dir='ltr'><strong>cerulis</strong></span> <span class='ocrx_word' id='word_1_7' title='bbox 426 415 526 468; x_wconf 85' lang='lat' dir='ltr'><strong>mixtas</strong></span> <span class='ocrx_word' id='word_1_8' title='bbox 537 417 607 468; x_wconf 88' lang='lat' dir='ltr'><strong>inter</strong></span> <span class='ocrx_word' id='word_1_9' title='bbox 619 416 779 468; x_wconf 89' lang='lat' dir='ltr'><strong>considimus</strong></span> <span class='ocrx_word' id='word_1_10' title='bbox 790 417 875 468; x_wconf 90' lang='lat' dir='ltr'><strong>ulmos</strong></span> <span class='ocrx_word' id='word_1_11' title='bbox 885 416 895 469; x_wconf 84' lang='lat' dir='ltr'><strong>l</strong></span> 
     </span>
    </p>

    <p class='ocr_par' dir='ltr' id='par_1_3' title="bbox 251 485 1059 761">
     <span class='ocr_line' id='line_1_3' title="bbox 275 485 1059 554; baseline 0.001 -18"><span class='ocrx_word' id='word_1_12' title='bbox 275 486 350 537; x_wconf 76' lang='lat' dir='ltr'><strong>Mor.</strong></span> <span class='ocrx_word' id='word_1_13' title='bbox 362 485 403 536; x_wconf 74' lang='lat' dir='ltr'><strong>Tu</strong></span> <span class='ocrx_word' id='word_1_14' title='bbox 414 487 515 552; x_wconf 80' lang='lat' dir='ltr'><strong>maj0r3</strong></span> <span class='ocrx_word' id='word_1_15' title='bbox 533 485 582 537; x_wconf 88' lang='lat' dir='ltr'><strong>tibi</strong></span> <span class='ocrx_word' id='word_1_16' title='bbox 594 502 637 537; x_wconf 93' lang='lat' dir='ltr'><strong>me</strong></span> <span class='ocrx_word' id='word_1_17' title='bbox 649 492 690 537; x_wconf 91' lang='lat' dir='ltr'><strong>est</strong></span> <span class='ocrx_word' id='word_1_18' title='bbox 701 503 808 553; x_wconf 76' lang='lat' dir='ltr'><strong>aequum</strong></span> <span class='ocrx_word' id='word_1_19' title='bbox 820 503 917 554; x_wconf 87' lang='lat' dir='ltr'><strong>parere,</strong></span> <span class='ocrx_word' id='word_1_20' title='bbox 930 485 1059 553; x_wconf 85' lang='lat' dir='ltr'><strong>Menalca,</strong></span> 
     </span>
     <span class='ocr_line' id='line_1_4' title="bbox 251 553 1026 623; baseline 0 -17"><span class='ocrx_word' id='word_1_21' title='bbox 251 553 314 607; x_wconf 78' lang='lat' dir='ltr'><strong>Sive</strong></span> <span class='ocrx_word' id='word_1_22' title='bbox 327 554 376 606; x_wconf 91' lang='lat' dir='ltr'><strong>sub</strong></span> <span class='ocrx_word' id='word_1_23' title='bbox 388 554 501 607; x_wconf 87' lang='lat' dir='ltr'><strong>incertas</strong></span> <span class='ocrx_word' id='word_1_24' title='bbox 513 554 641 623; x_wconf 85' lang='lat' dir='ltr'>Zephyris</span> <span class='ocrx_word' id='word_1_25' title='bbox 652 554 819 606; x_wconf 87' lang='lat' dir='ltr'><strong>mutantibus</strong></span> <span class='ocrx_word' id='word_1_26' title='bbox 831 555 944 620; x_wconf 78' lang='lat' dir='ltr'><strong>umbras,</strong></span> <span class='ocrx_word' id='word_1_27' title='bbox 1024 584 1026 588; x_wconf 21' lang='grc' dir='ltr'><strong><em>Δ</em></strong></span> 
     </span>
     <span class='ocr_line' id='line_1_5' title="bbox 251 623 988 692; baseline 0 -16"><span class='ocrx_word' id='word_1_28' title='bbox 251 623 315 676; x_wconf 83' lang='lat' dir='ltr'><strong>Sive</strong></span> <span class='ocrx_word' id='word_1_29' title='bbox 327 629 403 676; x_wconf 89' lang='lat' dir='ltr'><strong>antro</strong></span> <span class='ocrx_word' id='word_1_30' title='bbox 415 624 504 692; x_wconf 89' lang='lat' dir='ltr'><strong>potius</strong></span> <span class='ocrx_word' id='word_1_31' title='bbox 516 624 686 676; x_wconf 74' lang='lat' dir='ltr'><strong>succedimus</strong></span> <span class='ocrx_word' id='word_1_32' title='bbox 721 623 825 692; x_wconf 83' lang='lat' dir='ltr'><strong>Aspice,</strong></span> <span class='ocrx_word' id='word_1_33' title='bbox 837 629 869 675; x_wconf 91' lang='lat' dir='ltr'><strong>ut</strong></span> <span class='ocrx_word' id='word_1_34' title='bbox 880 628 988 676; x_wconf 88' lang='lat' dir='ltr'><strong>antrum</strong></span> 
     </span>
     <span class='ocr_line' id='line_1_6' title="bbox 251 692 832 761; baseline -0.002 -16"><span class='ocrx_word' id='word_1_35' title='bbox 251 693 386 746; x_wconf 81' lang='lat' dir='ltr'><strong>Silvestris</strong></span> <span class='ocrx_word' id='word_1_36' title='bbox 397 693 463 745; x_wconf 88' lang='lat' dir='ltr'><strong>raris</strong></span> <span class='ocrx_word' id='word_1_37' title='bbox 475 693 571 761; x_wconf 75' lang='lat' dir='ltr'><strong>sparsit</strong></span> <span class='ocrx_word' id='word_1_38' title='bbox 582 692 703 744; x_wconf 73' lang='lat' dir='ltr'><strong>labrusca</strong></span> <span class='ocrx_word' id='word_1_39' title='bbox 714 693 832 745; x_wconf 77' lang='lat' dir='ltr'><strong>racemis</strong></span> 
     </span>
    </p>

    <p class='ocr_par' dir='ltr' id='par_1_4' title="bbox 274 761 1043 830">
     <span class='ocr_line' id='line_1_7' title="bbox 274 761 1043 830; baseline -0.001 -16"><span class='ocrx_word' id='word_1_40' title='bbox 274 762 353 815; x_wconf 78' lang='lat' dir='ltr'><strong>Mna.</strong></span> <span class='ocrx_word' id='word_1_41' title='bbox 370 762 508 814; x_wconf 75' lang='lat' dir='ltr'><strong>Montibus</strong></span> <span class='ocrx_word' id='word_1_42' title='bbox 520 761 549 813; x_wconf 94' lang='lat' dir='ltr'><strong>in</strong></span> <span class='ocrx_word' id='word_1_43' title='bbox 560 762 656 813; x_wconf 88' lang='lat' dir='ltr'><strong>nostris</strong></span> <span class='ocrx_word' id='word_1_44' title='bbox 667 762 738 814; x_wconf 89' lang='lat' dir='ltr'><strong>solus</strong></span> <span class='ocrx_word' id='word_1_45' title='bbox 750 761 800 813; x_wconf 89' lang='lat' dir='ltr'><strong>tibi</strong></span> <span class='ocrx_word' id='word_1_46' title='bbox 813 766 895 814; x_wconf 87' lang='lat' dir='ltr'><strong>certet</strong></span> <span class='ocrx_word' id='word_1_47' title='bbox 906 761 1043 830; x_wconf 76' lang='lat' dir='ltr'><strong>Am5ntas.</strong></span> 
     </span>
    </p>

    <p class='ocr_par' dir='ltr' id='par_1_5' title="bbox 209 830 1103 968">
     <span class='ocr_line' id='line_1_8' title="bbox 275 830 1084 898; baseline 0.001 -16"><span class='ocrx_word' id='word_1_48' title='bbox 275 831 351 884; x_wconf 75' lang='lat' dir='ltr'><strong>Mor.</strong></span> <span class='ocrx_word' id='word_1_49' title='bbox 370 831 448 898; x_wconf 77' lang='lat' dir='ltr'><strong>Quid,</strong></span> <span class='ocrx_word' id='word_1_50' title='bbox 460 831 483 882; x_wconf 87' lang='lat' dir='ltr'><strong>si</strong></span> <span class='ocrx_word' id='word_1_51' title='bbox 494 831 564 882; x_wconf 89' lang='lat' dir='ltr'><strong>idem</strong></span> <span class='ocrx_word' id='word_1_52' title='bbox 576 836 659 882; x_wconf 87' lang='lat' dir='ltr'><strong>certet</strong></span> <span class='ocrx_word' id='word_1_53' title='bbox 671 830 801 882; x_wconf 88' lang='lat' dir='ltr'><strong>Phoebum</strong></span> <span class='ocrx_word' id='word_1_54' title='bbox 813 848 844 883; x_wconf 91' lang='lat' dir='ltr'><strong>su</strong></span> <span class='ocrx_word' id='word_1_55' title='bbox 863 848 935 882; x_wconf 87' lang='lat' dir='ltr'><strong>erare</strong></span> <span class='ocrx_word' id='word_1_56' title='bbox 947 832 1084 883; x_wconf 72' lang='lat' dir='ltr'><strong>canendo?</strong></span> 
     </span>
     <span class='ocr_line' id='line_1_9' title="bbox 209 849 1103 968; baseline -0.003 -15"><span class='ocrx_word' id='word_1_57' title='bbox 209 953 213 965; x_wconf 78' lang='grc'>,</span> <span class='ocrx_word' id='word_1_58' title='bbox 276 899 353 953; x_wconf 76' lang='lat' dir='ltr'><strong>Mun.</strong></span> <span class='ocrx_word' id='word_1_59' title='bbox 366 900 468 968; x_wconf 87' lang='lat' dir='ltr'><strong>Incipe,</strong></span> <span class='ocrx_word' id='word_1_60' title='bbox 477 899 575 968; x_wconf 80' lang='lat' dir='ltr'><strong>Mopse,</strong></span> <span class='ocrx_word' id='word_1_61' title='bbox 585 899 663 968; x_wconf 89' lang='lat' dir='ltr'><strong>prior,</strong></span> <span class='ocrx_word' id='word_1_62' title='bbox 674 899 770 967; x_wconf 90' lang='lat' dir='ltr'><strong>siquos</strong></span> <span class='ocrx_word' id='word_1_63' title='bbox 779 906 827 952; x_wconf 89' lang='lat' dir='ltr'><strong>aut</strong></span> <span class='ocrx_word' id='word_1_64' title='bbox 837 849 967 967; x_wconf 65' lang='lat' dir='ltr'><strong>Ahyllidis</strong></span> <span class='ocrx_word' id='word_1_65' title='bbox 977 900 1059 968; x_wconf 88' lang='lat' dir='ltr'><strong>ignes,</strong></span> <span class='ocrx_word' id='word_1_66' title='bbox 1071 904 1103 952; x_wconf 92' lang='lat'><strong>10</strong></span> 
     </span>
    </p>

    <p class='ocr_par' dir='ltr' id='par_1_6' title="bbox 253 967 965 1107">
     <span class='ocr_line' id='line_1_10' title="bbox 255 967 965 1037; baseline -0.001 -17"><span class='ocrx_word' id='word_1_67' title='bbox 255 969 310 1021; x_wconf 88' lang='lat' dir='ltr'><strong>Aut</strong></span> <span class='ocrx_word' id='word_1_68' title='bbox 322 969 429 1022; x_wconf 87' lang='lat' dir='ltr'><strong>Alconis</strong></span> <span class='ocrx_word' id='word_1_69' title='bbox 441 967 521 1022; x_wconf 86' lang='lat' dir='ltr'><strong>habes</strong></span> <span class='ocrx_word' id='word_1_70' title='bbox 532 969 631 1035; x_wconf 89' lang='lat' dir='ltr'><strong>laudes,</strong></span> <span class='ocrx_word' id='word_1_71' title='bbox 643 973 692 1021; x_wconf 88' lang='lat' dir='ltr'><strong>aut</strong></span> <span class='ocrx_word' id='word_1_72' title='bbox 700 968 791 1037; x_wconf 87' lang='lat' dir='ltr'><strong>jurgia</strong></span> <span class='ocrx_word' id='word_1_73' title='bbox 804 969 888 1022; x_wconf 78' lang='lat' dir='ltr'><strong>00er</strong></span> <span class='ocrx_word' id='word_1_74' title='bbox 963 1016 965 1019; x_wconf 88' lang='lat'>.</span> 
     </span>
     <span class='ocr_line' id='line_1_11' title="bbox 253 1037 870 1107; baseline 0 -17"><span class='ocrx_word' id='word_1_75' title='bbox 253 1037 347 1107; x_wconf 87' lang='lat' dir='ltr'><strong>Incipe</strong></span> <span class='ocrx_word' id='word_1_76' title='bbox 357 1058 364 1103; x_wconf 89' lang='lat'>;</span> <span class='ocrx_word' id='word_1_77' title='bbox 381 1044 517 1107; x_wconf 89' lang='lat' dir='ltr'><strong>pascentes</strong></span> <span class='ocrx_word' id='word_1_78' title='bbox 529 1037 644 1090; x_wconf 79' lang='lat' dir='ltr'><strong>servabit</strong></span> <span class='ocrx_word' id='word_1_79' title='bbox 656 1038 763 1105; x_wconf 77' lang='lat' dir='ltr'><strong>Tityrus</strong></span> <span class='ocrx_word' id='word_1_80' title='bbox 775 1038 870 1090; x_wconf 81' lang='lat' dir='ltr'><strong>haedos.</strong></span> 
     </span>
    </p>

    <p class='ocr_par' dir='ltr' id='par_1_7' title="bbox 252 1106 1006 1314">
     <span class='ocr_line' id='line_1_12' title="bbox 277 1106 1006 1175; baseline -0.001 -16"><span class='ocrx_word' id='word_1_81' title='bbox 277 1107 350 1161; x_wconf 76' lang='lat' dir='ltr'><strong>Mor.</strong></span> <span class='ocrx_word' id='word_1_82' title='bbox 369 1108 454 1159; x_wconf 92' lang='lat' dir='ltr'><strong>Immo</strong></span> <span class='ocrx_word' id='word_1_83' title='bbox 467 1108 531 1175; x_wconf 84' lang='lat' dir='ltr'><strong>haec,</strong></span> <span class='ocrx_word' id='word_1_84' title='bbox 543 1106 572 1159; x_wconf 92' lang='lat' dir='ltr'><strong>in</strong></span> <span class='ocrx_word' id='word_1_85' title='bbox 583 1107 664 1159; x_wconf 80' lang='lat' dir='ltr'><strong>viridi</strong></span> <span class='ocrx_word' id='word_1_86' title='bbox 674 1124 760 1174; x_wconf 88' lang='lat' dir='ltr'><strong>nuper</strong></span> <span class='ocrx_word' id='word_1_87' title='bbox 771 1124 830 1175; x_wconf 84' lang='lat' dir='ltr'><strong>quoe</strong></span> <span class='ocrx_word' id='word_1_88' title='bbox 843 1106 939 1158; x_wconf 85' lang='lat' dir='ltr'><strong>cortice</strong></span> <span class='ocrx_word' id='word_1_89' title='bbox 949 1106 1006 1174; x_wconf 83' lang='lat' dir='ltr'><strong>fagi</strong></span> 
     </span>
     <span class='ocr_line' id='line_1_13' title="bbox 253 1175 927 1245; baseline 0 -17"><span class='ocrx_word' id='word_1_90' title='bbox 253 1176 378 1229; x_wconf 82' lang='lat' dir='ltr'><strong>Carmina</strong></span> <span class='ocrx_word' id='word_1_91' title='bbox 390 1177 514 1245; x_wconf 88' lang='lat' dir='ltr'><strong>descripsi</strong></span> <span class='ocrx_word' id='word_1_92' title='bbox 526 1182 554 1229; x_wconf 91' lang='lat' dir='ltr'><strong>et</strong></span> <span class='ocrx_word' id='word_1_93' title='bbox 564 1175 704 1228; x_wconf 87' lang='lat' dir='ltr'><strong>modulans</strong></span> <span class='ocrx_word' id='word_1_94' title='bbox 715 1176 818 1228; x_wconf 88' lang='lat' dir='ltr'><strong>alterna</strong></span> <span class='ocrx_word' id='word_1_95' title='bbox 828 1176 927 1237; x_wconf 78' lang='lat' dir='ltr'><strong>notavi¹</strong></span> 
     </span>
     <span class='ocr_line' id='line_1_14' title="bbox 252 1244 944 1314; baseline -0.003 -16"><span class='ocrx_word' id='word_1_96' title='bbox 252 1245 401 1314; x_wconf 80' lang='lat' dir='ltr'><strong>Experiar3</strong></span> <span class='ocrx_word' id='word_1_97' title='bbox 419 1252 451 1297; x_wconf 92' lang='lat' dir='ltr'><strong>tu</strong></span> <span class='ocrx_word' id='word_1_98' title='bbox 463 1245 557 1298; x_wconf 88' lang='lat' dir='ltr'><strong>deinde</strong></span> <span class='ocrx_word' id='word_1_99' title='bbox 565 1244 658 1312; x_wconf 89' lang='lat' dir='ltr'><strong>jubeto</strong></span> <span class='ocrx_word' id='word_1_100' title='bbox 672 1255 705 1296; x_wconf 89' lang='lat' dir='ltr'><strong>ut</strong></span> <span class='ocrx_word' id='word_1_101' title='bbox 716 1250 798 1297; x_wconf 87' lang='lat' dir='ltr'><strong>certet</strong></span> <span class='ocrx_word' id='word_1_102' title='bbox 811 1247 944 1311; x_wconf 79' lang='lat' dir='ltr'><strong>Amyntas.</strong></span> 
     </span>
    </p>

    <p class='ocr_par' dir='ltr' id='par_1_8' title="bbox 255 1313 979 1452">
     <span class='ocr_line' id='line_1_15' title="bbox 277 1313 979 1383; baseline -0.001 -17"><span class='ocrx_word' id='word_1_103' title='bbox 277 1315 354 1368; x_wconf 81' lang='lat' dir='ltr'><strong>Man.</strong></span> <span class='ocrx_word' id='word_1_104' title='bbox 372 1315 457 1367; x_wconf 88' lang='lat' dir='ltr'><strong>Lenta</strong></span> <span class='ocrx_word' id='word_1_105' title='bbox 468 1315 536 1366; x_wconf 84' lang='lat' dir='ltr'><strong>salix</strong></span> <span class='ocrx_word' id='word_1_106' title='bbox 548 1321 679 1383; x_wconf 88' lang='lat' dir='ltr'><strong>quantum</strong></span> <span class='ocrx_word' id='word_1_107' title='bbox 690 1313 802 1381; x_wconf 88' lang='lat' dir='ltr'><strong>pallenti</strong></span> <span class='ocrx_word' id='word_1_108' title='bbox 814 1313 885 1364; x_wconf 81' lang='lat' dir='ltr'><strong>cedit</strong></span> <span class='ocrx_word' id='word_1_109' title='bbox 896 1314 979 1379; x_wconf 85' lang='lat' dir='ltr'><strong>olivae,</strong></span> 
     </span>
     <span class='ocr_line' id='line_1_16' title="bbox 255 1381 881 1452; baseline -0.006 -16"><span class='ocrx_word' id='word_1_110' title='bbox 255 1383 378 1436; x_wconf 87' lang='lat' dir='ltr'><strong>Puniceis</strong></span> <span class='ocrx_word' id='word_1_111' title='bbox 390 1384 499 1436; x_wconf 91' lang='lat' dir='ltr'><strong>humilis</strong></span> <span class='ocrx_word' id='word_1_112' title='bbox 511 1389 641 1452; x_wconf 90' lang='lat' dir='ltr'><strong>quantum</strong></span> <span class='ocrx_word' id='word_1_113' title='bbox 653 1383 772 1435; x_wconf 84' lang='lat' dir='ltr'><strong>saliunca</strong></span> <span class='ocrx_word' id='word_1_114' title='bbox 783 1381 881 1447; x_wconf 88' lang='lat' dir='ltr'><strong>rosetis,</strong></span> 
     </span>
    </p>

    <p class='ocr_par' dir='ltr' id='par_1_9' title="bbox 255 1451 876 1517">
     <span class='ocr_line' id='line_1_17' title="bbox 255 1451 876 1517; baseline -0.002 -12"><span class='ocrx_word' id='word_1_115' title='bbox 255 1453 276 1506; x_wconf 85' lang='lat' dir='ltr'>J</span> <span class='ocrx_word' id='word_1_116' title='bbox 276 1453 364 1505; x_wconf 85' lang='lat' dir='ltr'><strong>udicio</strong></span> <span class='ocrx_word' id='word_1_117' title='bbox 376 1459 464 1505; x_wconf 87' lang='lat' dir='ltr'><strong>nostro</strong></span> <span class='ocrx_word' id='word_1_118' title='bbox 475 1459 581 1505; x_wconf 88' lang='lat' dir='ltr'><strong>tantum</strong></span> <span class='ocrx_word' id='word_1_119' title='bbox 594 1452 644 1504; x_wconf 91' lang='lat' dir='ltr'><strong>tibi</strong></span> <span class='ocrx_word' id='word_1_120' title='bbox 656 1451 727 1504; x_wconf 87' lang='lat' dir='ltr'><strong>cedit</strong></span> <span class='ocrx_word' id='word_1_121' title='bbox 739 1451 876 1517; x_wconf 81' lang='lat' dir='ltr'><strong>Amyntas</strong></span> 
     </span>
    </p>

    <p class='ocr_par' dir='ltr' id='par_1_10' title="bbox 255 1520 1104 1728">
     <span class='ocr_line' id='line_1_18' title="bbox 279 1520 1038 1590; baseline -0.003 -15"><span class='ocrx_word' id='word_1_122' title='bbox 279 1522 352 1575; x_wconf 75' lang='lat' dir='ltr'><strong>Mon.</strong></span> <span class='ocrx_word' id='word_1_123' title='bbox 370 1522 421 1575; x_wconf 78' lang='lat' dir='ltr'><strong>Sed</strong></span> <span class='ocrx_word' id='word_1_124' title='bbox 433 1529 465 1574; x_wconf 92' lang='lat' dir='ltr'><strong>tu</strong></span> <span class='ocrx_word' id='word_1_125' title='bbox 476 1522 565 1574; x_wconf 86' lang='lat' dir='ltr'><strong>desine</strong></span> <span class='ocrx_word' id='word_1_126' title='bbox 576 1521 660 1590; x_wconf 87' lang='lat' dir='ltr'><strong>plura,</strong></span> <span class='ocrx_word' id='word_1_127' title='bbox 673 1538 739 1590; x_wconf 88' lang='lat' dir='ltr'><strong>puer</strong></span> <span class='ocrx_word' id='word_1_128' title='bbox 749 1539 756 1584; x_wconf 91' lang='lat'>;</span> <span class='ocrx_word' id='word_1_129' title='bbox 775 1520 944 1573; x_wconf 85' lang='lat' dir='ltr'><strong>successimus</strong></span> <span class='ocrx_word' id='word_1_130' title='bbox 955 1527 1038 1573; x_wconf 64' lang='lat' dir='ltr'><strong>anno.</strong></span> 
     </span>
     <span class='ocr_line' id='line_1_19' title="bbox 255 1589 1104 1659; baseline -0.007 -15"><span class='ocrx_word' id='word_1_131' title='bbox 255 1591 426 1644; x_wconf 82' lang='lat' dir='ltr'><strong>Exstinctum</strong></span> <span class='ocrx_word' id='word_1_132' title='bbox 437 1592 463 1644; x_wconf 86' lang='lat' dir='ltr'>N</span> <span class='ocrx_word' id='word_1_133' title='bbox 464 1591 569 1659; x_wconf 83' lang='lat' dir='ltr'><strong>ymphse</strong></span> <span class='ocrx_word' id='word_1_134' title='bbox 581 1589 682 1642; x_wconf 88' lang='lat' dir='ltr'><strong>crudeli</strong></span> <span class='ocrx_word' id='word_1_135' title='bbox 694 1591 787 1641; x_wconf 88' lang='lat' dir='ltr'><strong>funere</strong></span> <span class='ocrx_word' id='word_1_136' title='bbox 798 1590 925 1657; x_wconf 89' lang='lat' dir='ltr'><strong>Daphnin</strong></span> <span class='ocrx_word' id='word_1_137' title='bbox 1072 1592 1104 1639; x_wconf 61' lang='grc' dir='ltr'><strong>ιι)</strong></span> 
     </span>
     <span class='ocr_line' id='line_1_20' title="bbox 256 1659 957 1728; baseline 0 -16"><span class='ocrx_word' id='word_1_138' title='bbox 256 1660 370 1713; x_wconf 82' lang='lat' dir='ltr'><strong>Flebant</strong></span> <span class='ocrx_word' id='word_1_139' title='bbox 380 1679 387 1725; x_wconf 87' lang='lat'>;</span> <span class='ocrx_word' id='word_1_140' title='bbox 404 1678 450 1714; x_wconf 79' lang='lat' dir='ltr'><strong>sos</strong></span> <span class='ocrx_word' id='word_1_141' title='bbox 462 1660 544 1713; x_wconf 87' lang='lat' dir='ltr'><strong>coruli</strong></span> <span class='ocrx_word' id='word_1_142' title='bbox 556 1665 636 1712; x_wconf 90' lang='lat' dir='ltr'><strong>testes</strong></span> <span class='ocrx_word' id='word_1_143' title='bbox 648 1666 674 1711; x_wconf 89' lang='lat' dir='ltr'><strong>et</strong></span> <span class='ocrx_word' id='word_1_144' title='bbox 686 1659 797 1711; x_wconf 86' lang='lat' dir='ltr'><strong>flumina</strong></span> <span class='ocrx_word' id='word_1_145' title='bbox 808 1659 939 1728; x_wconf 83' lang='lat' dir='ltr'><strong>Nymphis</strong></span> <span class='ocrx_word' id='word_1_146' title='bbox 949 1678 957 1724; x_wconf 88' lang='lat'>;</span> 
     </span>
    </p>

    <p class='ocr_par' dir='ltr' id='par_1_11' title="bbox 257 1728 884 1797">
     <span class='ocr_line' id='line_1_21' title="bbox 257 1728 884 1797; baseline -0.003 -15"><span class='ocrx_word' id='word_1_147' title='bbox 257 1730 346 1793; x_wconf 84' lang='lat' dir='ltr'><strong>Quum</strong></span> <span class='ocrx_word' id='word_1_148' title='bbox 359 1730 496 1797; x_wconf 82' lang='lat' dir='ltr'><strong>complexa</strong></span> <span class='ocrx_word' id='word_1_149' title='bbox 508 1729 549 1781; x_wconf 91' lang='lat' dir='ltr'><strong>sui</strong></span> <span class='ocrx_word' id='word_1_150' title='bbox 561 1746 655 1797; x_wconf 85' lang='lat' dir='ltr'><strong>corpus</strong></span> <span class='ocrx_word' id='word_1_151' title='bbox 666 1728 814 1780; x_wconf 87' lang='lat' dir='ltr'><strong>miserabile</strong></span> <span class='ocrx_word' id='word_1_152' title='bbox 826 1729 884 1780; x_wconf 85' lang='lat' dir='ltr'><strong>nati</strong></span> 
     </span>
    </p>

    <p class='ocr_par' dir='ltr' id='par_1_12' title="bbox 256 1798 915 1867">
     <span class='ocr_line' id='line_1_22' title="bbox 256 1798 915 1867; baseline 0.003 -17"><span class='ocrx_word' id='word_1_153' title='bbox 256 1799 345 1867; x_wconf 83' lang='lat' dir='ltr'><strong>Atque</strong></span> <span class='ocrx_word' id='word_1_154' title='bbox 358 1799 418 1852; x_wconf 89' lang='lat' dir='ltr'><strong>deos</strong></span> <span class='ocrx_word' id='word_1_155' title='bbox 430 1805 510 1867; x_wconf 86' lang='lat' dir='ltr'><strong>atquo</strong></span> <span class='ocrx_word' id='word_1_156' title='bbox 522 1804 594 1850; x_wconf 85' lang='lat' dir='ltr'><strong>astra</strong></span> <span class='ocrx_word' id='word_1_157' title='bbox 606 1803 683 1851; x_wconf 75' lang='lat' dir='ltr'><strong>vocat</strong></span> <span class='ocrx_word' id='word_1_158' title='bbox 695 1798 812 1850; x_wconf 86' lang='lat' dir='ltr'><strong>crudelia</strong></span> <span class='ocrx_word' id='word_1_159' title='bbox 823 1803 915 1852; x_wconf 88' lang='lat' dir='ltr'><strong>mater.</strong></span> 
     </span>
    </p>

    <p class='ocr_par' dir='ltr' id='par_1_13' title="bbox 255 1867 736 1934">
     <span class='ocr_line' id='line_1_23' title="bbox 255 1867 736 1934; baseline -0.004 -14"><span class='ocrx_word' id='word_1_160' title='bbox 255 1867 318 1920; x_wconf 81' lang='lat' dir='ltr'><strong>Non</strong></span> <span class='ocrx_word' id='word_1_161' title='bbox 331 1868 380 1920; x_wconf 90' lang='lat' dir='ltr'><strong>ulli</strong></span> <span class='ocrx_word' id='word_1_162' title='bbox 440 1875 480 1920; x_wconf 90' lang='lat' dir='ltr'><strong>tos</strong></span> <span class='ocrx_word' id='word_1_163' title='bbox 491 1867 546 1920; x_wconf 92' lang='lat' dir='ltr'><strong>illis</strong></span> <span class='ocrx_word' id='word_1_164' title='bbox 559 1884 633 1934; x_wconf 86' lang='lat' dir='ltr'><strong>egere</strong></span> <span class='ocrx_word' id='word_1_165' title='bbox 643 1867 736 1919; x_wconf 87' lang='lat' dir='ltr'><strong>diebus</strong></span> 
     </span>
    </p>

    <p class='ocr_par' dir='ltr' id='par_1_14' title="bbox 256 1886 1108 2404">
     <span class='ocr_line' id='line_1_24' title="bbox 256 1886 1040 2007; baseline -0.009 -17"><span class='ocrx_word' id='word_1_166' title='bbox 256 1937 375 2005; x_wconf 84' lang='lat' dir='ltr'><strong>Frigida,</strong></span> <span class='ocrx_word' id='word_1_167' title='bbox 386 1886 501 2007; x_wconf 55' lang='grc' dir='ltr'><strong>ΥΒὲῑιιιιιὶ,</strong></span> <span class='ocrx_word' id='word_1_168' title='bbox 513 1937 591 1989; x_wconf 85' lang='lat' dir='ltr'><strong>boves</strong></span> <span class='ocrx_word' id='word_1_169' title='bbox 603 1936 637 1989; x_wconf 90' lang='lat' dir='ltr'><strong>ad</strong></span> <span class='ocrx_word' id='word_1_170' title='bbox 649 1936 777 2000; x_wconf 89' lang='lat' dir='ltr'><strong>fiumina;</strong></span> <span class='ocrx_word' id='word_1_171' title='bbox 795 1935 870 1988; x_wconf 91' lang='lat' dir='ltr'><strong>nulla</strong></span> <span class='ocrx_word' id='word_1_172' title='bbox 879 1950 928 1985; x_wconf 88' lang='lat' dir='ltr'><strong>nec</strong></span> <span class='ocrx_word' id='word_1_173' title='bbox 937 1949 1040 1985; x_wconf 86' lang='lat' dir='ltr'><strong>amnem</strong></span> 
     </span>
     <span class='ocr_line' id='line_1_25' title="bbox 256 2005 964 2075; baseline 0 -17"><span class='ocrx_word' id='word_1_174' title='bbox 256 2006 364 2059; x_wconf 87' lang='lat' dir='ltr'><strong>Libavit</strong></span> <span class='ocrx_word' id='word_1_175' title='bbox 376 2007 532 2075; x_wconf 90' lang='lat' dir='ltr'><strong>quadrupes,</strong></span> <span class='ocrx_word' id='word_1_176' title='bbox 544 2022 593 2057; x_wconf 91' lang='lat' dir='ltr'><strong>nec</strong></span> <span class='ocrx_word' id='word_1_177' title='bbox 605 2006 732 2073; x_wconf 87' lang='lat' dir='ltr'><strong>graminis</strong></span> <span class='ocrx_word' id='word_1_178' title='bbox 744 2005 837 2073; x_wconf 89' lang='lat' dir='ltr'><strong>attigit</strong></span> <span class='ocrx_word' id='word_1_179' title='bbox 848 2005 964 2058; x_wconf 66' lang='lat' dir='ltr'><strong>hubam.</strong></span> 
     </span>
     <span class='ocr_line' id='line_1_26' title="bbox 257 2074 931 2144; baseline -0.003 -16"><span class='ocrx_word' id='word_1_180' title='bbox 257 2075 373 2144; x_wconf 79' lang='lat' dir='ltr'><strong>Daphni,</strong></span> <span class='ocrx_word' id='word_1_181' title='bbox 385 2082 463 2128; x_wconf 89' lang='lat' dir='ltr'><strong>tuum</strong></span> <span class='ocrx_word' id='word_1_182' title='bbox 476 2075 569 2128; x_wconf 90' lang='lat' dir='ltr'><strong>Poenos</strong></span> <span class='ocrx_word' id='word_1_183' title='bbox 581 2077 661 2127; x_wconf 85' lang='lat' dir='ltr'><strong>ctiam</strong></span> <span class='ocrx_word' id='word_1_184' title='bbox 673 2075 833 2142; x_wconf 88' lang='lat' dir='ltr'><strong>ingemuisse</strong></span> <span class='ocrx_word' id='word_1_185' title='bbox 844 2074 931 2126; x_wconf 87' lang='lat' dir='ltr'><strong>leones</strong></span> 
     </span>
     <span class='ocr_line' id='line_1_27' title="bbox 258 2144 938 2212; baseline 0 -16"><span class='ocrx_word' id='word_1_186' title='bbox 258 2144 410 2211; x_wconf 86' lang='lat' dir='ltr'><strong>interitum,</strong></span> <span class='ocrx_word' id='word_1_187' title='bbox 421 2151 575 2212; x_wconf 85' lang='lat' dir='ltr'><strong>montesque</strong></span> <span class='ocrx_word' id='word_1_188' title='bbox 586 2145 635 2196; x_wconf 81' lang='lat' dir='ltr'><strong>feri</strong></span> <span class='ocrx_word' id='word_1_189' title='bbox 648 2144 773 2212; x_wconf 67' lang='lat' dir='ltr'><strong>silvaque</strong></span> <span class='ocrx_word' id='word_1_190' title='bbox 785 2144 938 2212; x_wconf 89' lang='lat' dir='ltr'><strong>loquuntur.</strong></span> 
     </span>
     <span class='ocr_line' id='line_1_28' title="bbox 258 2213 922 2282; baseline 0 -16"><span class='ocrx_word' id='word_1_191' title='bbox 258 2213 379 2282; x_wconf 90' lang='lat' dir='ltr'><strong>Daphnis</strong></span> <span class='ocrx_word' id='word_1_192' title='bbox 391 2219 418 2266; x_wconf 90' lang='lat' dir='ltr'><strong>et</strong></span> <span class='ocrx_word' id='word_1_193' title='bbox 430 2213 567 2266; x_wconf 87' lang='lat' dir='ltr'><strong>Anneuias</strong></span> <span class='ocrx_word' id='word_1_194' title='bbox 579 2230 659 2266; x_wconf 86' lang='lat' dir='ltr'><strong>curru</strong></span> <span class='ocrx_word' id='word_1_195' title='bbox 671 2214 829 2280; x_wconf 87' lang='lat' dir='ltr'><strong>subjungere</strong></span> <span class='ocrx_word' id='word_1_196' title='bbox 841 2213 922 2280; x_wconf 83' lang='lat' dir='ltr'><strong>tigres</strong></span> 
     </span>
     <span class='ocr_line' id='line_1_29' title="bbox 258 2280 1108 2349; baseline -0.001 -14"><span class='ocrx_word' id='word_1_197' title='bbox 258 2282 391 2348; x_wconf 86' lang='lat' dir='ltr'><strong>Instituit,</strong></span> <span class='ocrx_word' id='word_1_198' title='bbox 402 2280 521 2349; x_wconf 84' lang='lat' dir='ltr'><strong>Daphnis</strong></span> <span class='ocrx_word' id='word_1_199' title='bbox 533 2281 631 2334; x_wconf 89' lang='lat' dir='ltr'><strong>thiasos</strong></span> <span class='ocrx_word' id='word_1_200' title='bbox 643 2283 767 2335; x_wconf 85' lang='lat' dir='ltr'><strong>iuducere</strong></span> <span class='ocrx_word' id='word_1_201' title='bbox 779 2283 885 2347; x_wconf 87' lang='lat' dir='ltr'><strong>Bacchi,</strong></span> <span class='ocrx_word' id='word_1_202' title='bbox 1073 2283 1108 2335; x_wconf 83' lang='lat'><strong>³0</strong></span> 
     </span>
     <span class='ocr_line' id='line_1_30' title="bbox 257 2350 846 2404; baseline -0.003 0"><span class='ocrx_word' id='word_1_203' title='bbox 257 2351 294 2404; x_wconf 84' lang='lat' dir='ltr'><strong>Et</strong></span> <span class='ocrx_word' id='word_1_204' title='bbox 306 2351 376 2404; x_wconf 86' lang='lat' dir='ltr'><strong>foliis</strong></span> <span class='ocrx_word' id='word_1_205' title='bbox 388 2351 473 2404; x_wconf 89' lang='lat' dir='ltr'><strong>lentas</strong></span> <span class='ocrx_word' id='word_1_206' title='bbox 484 2351 604 2403; x_wconf 85' lang='lat' dir='ltr'><strong>intexere</strong></span> <span class='ocrx_word' id='word_1_207' title='bbox 614 2350 738 2402; x_wconf 92' lang='lat' dir='ltr'><strong>mollibus</strong></span> <span class='ocrx_word' id='word_1_208' title='bbox 750 2350 846 2402; x_wconf 89' lang='lat' dir='ltr'><strong>hastas.</strong></span> 
     </span>
    </p>

    <p class='ocr_par' dir='ltr' id='par_1_15' title="bbox 259 2419 910 2484">
     <span class='ocr_line' id='line_1_31' title="bbox 259 2419 910 2484; baseline -0.003 -12"><span class='ocrx_word' id='word_1_209' title='bbox 259 2420 330 2472; x_wconf 84' lang='lat' dir='ltr'><strong>Vitis</strong></span> <span class='ocrx_word' id='word_1_210' title='bbox 342 2426 374 2472; x_wconf 93' lang='lat' dir='ltr'><strong>ut</strong></span> <span class='ocrx_word' id='word_1_211' title='bbox 385 2420 519 2472; x_wconf 91' lang='lat' dir='ltr'><strong>arboribus</strong></span> <span class='ocrx_word' id='word_1_212' title='bbox 530 2419 617 2472; x_wconf 85' lang='lat' dir='ltr'><strong>decori</strong></span> <span class='ocrx_word' id='word_1_213' title='bbox 628 2425 676 2484; x_wconf 90' lang='lat' dir='ltr'><strong>est,</strong></span> <span class='ocrx_word' id='word_1_214' title='bbox 688 2425 721 2470; x_wconf 90' lang='lat' dir='ltr'><strong>ut</strong></span> <span class='ocrx_word' id='word_1_215' title='bbox 732 2419 831 2471; x_wconf 85' lang='lat' dir='ltr'><strong>vitibus</strong></span> <span class='ocrx_word' id='word_1_216' title='bbox 844 2435 910 2484; x_wconf 80' lang='lat' dir='ltr'><strong>uvae,</strong></span> 
     </span>
    </p>

    <p class='ocr_par' dir='ltr' id='par_1_16' title="bbox 258 2488 935 2557">
     <span class='ocr_line' id='line_1_32' title="bbox 258 2488 935 2557; baseline -0.001 -15"><span class='ocrx_word' id='word_1_217' title='bbox 258 2489 297 2542; x_wconf 90' lang='lat' dir='ltr'><strong>Ut</strong></span> <span class='ocrx_word' id='word_1_218' title='bbox 309 2489 432 2557; x_wconf 82' lang='lat' dir='ltr'><strong>gregibus</strong></span> <span class='ocrx_word' id='word_1_219' title='bbox 444 2489 523 2555; x_wconf 84' lang='lat' dir='ltr'><strong>tauri,</strong></span> <span class='ocrx_word' id='word_1_220' title='bbox 536 2495 636 2556; x_wconf 87' lang='lat' dir='ltr'><strong>segetes</strong></span> <span class='ocrx_word' id='word_1_221' title='bbox 648 2494 680 2540; x_wconf 92' lang='lat' dir='ltr'><strong>ut</strong></span> <span class='ocrx_word' id='word_1_222' title='bbox 692 2488 835 2557; x_wconf 90' lang='lat' dir='ltr'><strong>pinguibus</strong></span> <span class='ocrx_word' id='word_1_223' title='bbox 847 2488 916 2539; x_wconf 87' lang='lat' dir='ltr'><strong>arvis</strong></span> <span class='ocrx_word' id='word_1_224' title='bbox 928 2506 935 2541; x_wconf 73' lang='grc' dir='ltr'><strong><em>ε</em></strong></span> 
     </span>
    </p>

    <p class='ocr_par' dir='ltr' id='par_1_17' title="bbox 258 2557 980 2696">
     <span class='ocr_line' id='line_1_33' title="bbox 258 2557 980 2625; baseline -0.001 -15"><span class='ocrx_word' id='word_1_225' title='bbox 258 2559 300 2611; x_wconf 75' lang='lat' dir='ltr'><strong>uu</strong></span> <span class='ocrx_word' id='word_1_226' title='bbox 312 2559 391 2610; x_wconf 87' lang='lat' dir='ltr'><strong>decus</strong></span> <span class='ocrx_word' id='word_1_227' title='bbox 404 2576 479 2610; x_wconf 91' lang='lat' dir='ltr'><strong>omne</strong></span> <span class='ocrx_word' id='word_1_228' title='bbox 491 2559 553 2611; x_wconf 85' lang='lat' dir='ltr'><strong>tuis.</strong></span> <span class='ocrx_word' id='word_1_229' title='bbox 589 2558 732 2625; x_wconf 89' lang='lat' dir='ltr'><strong>Postquam</strong></span> <span class='ocrx_word' id='word_1_230' title='bbox 745 2563 771 2609; x_wconf 88' lang='lat' dir='ltr'><strong>te</strong></span> <span class='ocrx_word' id='word_1_231' title='bbox 783 2558 840 2609; x_wconf 87' lang='lat' dir='ltr'><strong>fata</strong></span> <span class='ocrx_word' id='word_1_232' title='bbox 853 2557 980 2623; x_wconf 89' lang='lat' dir='ltr'><strong>tulerunt,</strong></span> 
     </span>
     <span class='ocr_line' id='line_1_34' title="bbox 260 2626 892 2696; baseline 0 -18"><span class='ocrx_word' id='word_1_233' title='bbox 260 2627 325 2696; x_wconf 90' lang='lat' dir='ltr'><strong>Ipsa</strong></span> <span class='ocrx_word' id='word_1_234' title='bbox 337 2627 413 2680; x_wconf 90' lang='lat' dir='ltr'><strong>Pales</strong></span> <span class='ocrx_word' id='word_1_235' title='bbox 425 2645 500 2695; x_wconf 88' lang='lat' dir='ltr'><strong>agros</strong></span> <span class='ocrx_word' id='word_1_236' title='bbox 512 2633 592 2696; x_wconf 85' lang='lat' dir='ltr'><strong>atque</strong></span> <span class='ocrx_word' id='word_1_237' title='bbox 604 2627 659 2695; x_wconf 88' lang='lat' dir='ltr'><strong>ipse</strong></span> <span class='ocrx_word' id='word_1_238' title='bbox 672 2627 779 2694; x_wconf 89' lang='lat' dir='ltr'><strong>reliquit</strong></span> <span class='ocrx_word' id='word_1_239' title='bbox 791 2626 892 2695; x_wconf 87' lang='lat' dir='ltr'><strong>Apollo.</strong></span> 
     </span>
    </p>

    <p class='ocr_par' dir='ltr' id='par_1_18' title="bbox 261 2695 971 2840">
     <span class='ocr_line' id='line_1_35' title="bbox 261 2695 971 2766; baseline 0 -18"><span class='ocrx_word' id='word_1_240' title='bbox 261 2696 378 2748; x_wconf 85' lang='lat' dir='ltr'><strong>Grandia</strong></span> <span class='ocrx_word' id='word_1_241' title='bbox 390 2714 457 2765; x_wconf 86' lang='lat' dir='ltr'><strong>saepe</strong></span> <span class='ocrx_word' id='word_1_242' title='bbox 469 2697 564 2764; x_wconf 92' lang='lat' dir='ltr'><strong>quibus</strong></span> <span class='ocrx_word' id='word_1_243' title='bbox 576 2695 759 2747; x_wconf 84' lang='lat' dir='ltr'><strong>mandavimus</strong></span> <span class='ocrx_word' id='word_1_244' title='bbox 772 2696 869 2749; x_wconf 86' lang='lat' dir='ltr'><strong>hordea</strong></span> <span class='ocrx_word' id='word_1_245' title='bbox 881 2695 971 2766; x_wconf 68' lang='lat' dir='ltr'><strong>sulcis,</strong></span> 
     </span>
     <span class='ocr_line' id='line_1_36' title="bbox 261 2765 908 2840; baseline 0.017 -23"><span class='ocrx_word' id='word_1_246' title='bbox 261 2765 360 2817; x_wconf 74' lang='lat' dir='ltr'><strong>Infelix</strong></span> <span class='ocrx_word' id='word_1_247' title='bbox 368 2766 460 2816; x_wconf 83' lang='lat' dir='ltr'><strong>lolium</strong></span> <span class='ocrx_word' id='word_1_248' title='bbox 472 2772 500 2818; x_wconf 87' lang='lat' dir='ltr'><strong>et</strong></span> <span class='ocrx_word' id='word_1_249' title='bbox 510 2766 614 2821; x_wconf 87' lang='lat' dir='ltr'><strong>steriles</strong></span> <span class='ocrx_word' id='word_1_250' title='bbox 626 2775 779 2826; x_wconf 84' lang='lat' dir='ltr'><strong>nascuntur</strong></span> <span class='ocrx_word' id='word_1_251' title='bbox 791 2788 908 2840; x_wconf 75' lang='lat' dir='ltr'><strong>aseua3</strong></span> 
     </span>
    </p>
   </div>
   <div class='ocr_carea' id='block_1_3' title="bbox 246 2831 832 2915">
    <p class='ocr_par' dir='ltr' id='par_1_19' title="bbox 246 2831 832 2915">
     <span class='ocr_line' id='line_1_37' title="bbox 246 2831 832 2915; baseline 0.009 -13"><span class='ocrx_word' id='word_1_252' title='bbox 246 2831 301 2882; x_wconf 72' lang='lat'><strong>¹³¹⁰</strong></span> <span class='ocrx_word' id='word_1_253' title='bbox 309 2832 387 2883; x_wconf 75' lang='lat' dir='ltr'><strong>molli</strong></span> <span class='ocrx_word' id='word_1_254' title='bbox 398 2832 472 2902; x_wconf 56' lang='grc' dir='ltr'><strong>ΠΜ)</strong></span> <span class='ocrx_word' id='word_1_255' title='bbox 481 2851 536 2905; x_wconf 74' lang='lat' dir='ltr'><strong>Pro</strong></span> <span class='ocrx_word' id='word_1_256' title='bbox 545 2856 692 2915; x_wconf 77' lang='lat' dir='ltr'><strong>purpureo</strong></span> <span class='ocrx_word' id='word_1_257' title='bbox 705 2847 832 2906; x_wconf 74' lang='lat' dir='ltr'><strong>narchen</strong></span> 
     </span>
    </p>
   </div>
   <div class='ocr_carea' id='block_1_4' title="bbox 0 0 1363 3242">
    <p class='ocr_par' dir='ltr' id='par_1_20' title="bbox 0 0 1363 3242">
     <span class='ocr_line' id='line_1_38' title="bbox 0 0 1363 3242; baseline 0 0"><span class='ocrx_word' id='word_1_258' title='bbox 0 0 1363 3242; x_wconf 95' lang='lat' dir='ltr'><strong> </strong></span> 
     </span>
    </p>
   </div>
  </div>
 </body>
</html>
