2700 3242
281 313 315 366 44
510 310 539 364 P.
553 310 708 363 VIRGILII
727 310 889 364 MARONIS

278 409 384 463 Tmolus
397 416 424 463 et
435 410 550 479 assurgit
564 412 658 479 quibus
671 416 698 464 et
710 429 757 464 rex
769 411 825 480 ipse
837 411 967 464 Phanaeus
977 430 985 476 ;

278 479 379 547 Argitis
398 481 536 546 nominor,
549 481 593 532 cui
605 498 658 532 non
671 483 812 533 certaverit
823 481 888 548 ulla,

279 547 334 601 Aut
347 561 393 600 tan
408 567 451 600 um
464 549 552 616 fluere,
565 556 612 601 aut
625 550 735 602 totidem
748 551 842 602 durare
854 568 901 618 per
911 566 1000 602 annos.
1075 553 1124 602 100

278 616 339 669 Non
350 635 398 686 ego
410 623 444 685 te,
458 619 498 670 dis
510 625 538 671 et
549 619 645 670 mensis
657 624 766 688 accepta
778 619 907 685 secundis,

277 685 445 754 Transierim,
458 687 569 754 Rhodia,
582 693 608 740 et
621 688 739 755 tumidis,
752 688 885 753 Bumaste‚
897 686 1015 740 racemis.

278 754 329 807 Sed
342 773 434 824 neque,
447 774 527 825 quam
538 757 630 809 multae
643 757 749 826 species,
762 773 818 823 nec,
830 754 938 809 nomina
950 773 1008 825 quae
1020 757 1082 822 sint,

279 824 325 877 Est
338 842 480 889 numerus;
497 843 582 894 neque
594 826 665 877 enirn
678 842 787 878 numero
799 826 983 893 comprendere
994 827 1089 880 refert:

279 893 363 958 Quem
375 895 421 963 qui
433 896 499 947 scire
511 895 583 961 velit,
595 895 690 959 Libyci
700 895 765 948 volit
777 896 886 962 aequoris
898 895 969 946 idem

278 961 384 1015 Discere
396 981 476 1032 quam
487 964 579 1017 multae
590 965 710 1033 Zephyro
723 964 864 1017 turbentur
876 982 979 1031 areum

277 1032 341 1100 Aut,
354 1033 400 1084 ubi
412 1034 525 1101 navigiis
537 1033 676 1086 violentior
688 1033 783 1084 incidit
794 1034 889 1098 Eurus,

277 1101 366 1168 Nosse,
379 1109 444 1170 quot
457 1103 525 1154 Ionii
537 1103 646 1154 veniant
658 1102 693 1154 ad
705 1102 783 1154 litora
794 1103 899 1153 fluctus.

313 1170 369 1223 Nec
381 1187 442 1224 vero
455 1178 530 1224 terrae
543 1172 610 1225 serre
623 1188 712 1223 omnes
725 1171 813 1222 omnia
824 1175 942 1238 possunt.

278 1237 445 1293 Fluminibus
458 1241 555 1307 salices,
568 1241 713 1308 crassisque
724 1239 865 1309 paludibus
877 1240 933 1291 alni
1075 1245 1128 1292 110-

277 1307 438 1377 Nascuntnr,
452 1311 553 1362 steriles
566 1310 665 1362 saxosis
676 1310 810 1362 montibus
822 1309 880 1360 omi
890 1328 897 1372 ;

277 1376 367 1431 Iritora
378 1380 499 1447 myrtetis
511 1379 663 1444 laetissima3
681 1379 794 1447 denique
806 1385 910 1446 apertos

278 1445 399 1500 Bacchus
411 1455 483 1501 amat
495 1449 581 1516 colles,
590 1447 750 1515 Aquilonem
762 1456 789 1498 et
802 1448 901 1513 frigora
913 1445 979 1499 taxi.

276 1515 373 1585 Aspice
385 1523 412 1570 et
424 1519 548 1570 extremis
560 1518 691 1570 domrtum
702 1517 846 1570 cultoribus
858 1517 954 1584 orbem,

276 1584 398 1653 ansque
409 1587 502 1639 domus
514 1587 639 1654 Arabum,
652 1587 789 1655 pictosque
802 1586 920 1640 Gelonos.

276 1653 375 1708 Divisa
387 1655 521 1708 arboribus
534 1657 642 1724 patriae:
661 1656 716 1708 sola
729 1656 809 1708 India
820 1655 927 1721 nigrum

276 1722 340 1776 Fert
353 1724 482 1789 ebenum3
501 1725 561 1778 solis
574 1732 613 1777 est
625 1725 721 1777 thurea
733 1726 808 1793 virga
820 1724 923 1778 Sabaeis.

278 1793 349 1856 Quid
361 1793 411 1846 tibi
423 1795 530 1847 odorato
542 1795 654 1847 referam
666 1795 791 1846 sudantia
803 1794 875 1861 ligno

276 1861 458 1932 Balsamaque‚
471 1870 498 1917 ct
509 1864 602 1916 baccas
615 1881 717 1933 semper
728 1864 875 1916 frondentis
887 1863 994 1915 acanthi
1005 1863 1015 1914 i

277 1931 348 1996 Quid
360 1949 466 1986 nemora
477 1933 642 2001 AEthiopum,
654 1934 729 1985 molli
741 1933 864 1985 canentia
875 1933 937 1984 lana
947 1934 957 1986 1
1074 1936 1124 1984 120

277 1999 433 2070 Velleraque
445 2008 477 2055 nt
488 2003 558 2055 foliis
571 2003 712 2071 depectant
725 2003 816 2055 tenuia
828 2001 919 2055 Seresi

278 2070 333 2124 Aut
345 2088 409 2140 quos
422 2071 525 2124 Oceano
538 2073 642 2140 propior
653 2073 723 2139 gerit
736 2072 814 2124 India
825 2071 904 2137 lucos,

276 2139 397 2193 Extremi
410 2140 482 2193 sinus
494 2141 562 2192 orbis
572 2141 582 2193 1
603 2142 648 2193 ubi
660 2144 723 2194 a'era
735 2142 839 2193 vincere
851 2157 983 2192 summum

275 2209 382 2262 Arboris
394 2209 467 2262 haud
479 2210 541 2262 uiiae
549 2210 626 2278 jactu
638 2217 747 2278 potuere
759 2210 870 2277 sagitta.

276 2277 312 2331 Et
323 2297 387 2347 gens
399 2279 448 2332 ilia
459 2280 566 2347 quidem
579 2280 672 2332 sumtis
684 2297 737 2332 non
749 2280 826 2331 tarda
838 2278 974 2348 pharetris.

276 2346 366 2400 Media
377 2348 430 2400 fert
442 2350 531 2401 tristes
544 2366 618 2402 sucos
630 2350 789 2417 tardumque
801 2366 920 2417 saporem

276 2416 372 2470 Felicis
384 2417 462 2481 mali;
476 2435 528 2486 quo
540 2436 594 2470 non
605 2419 760 2486 praesentius
772 2419 866 2484 ullum,

276 2485 375 2540 Pocula
387 2487 409 2538 si
422 2487 528 2554 quando
541 2505 615 2540 saevae
626 2489 740 2540 infecere
751 2505 877 2549 noverca,

278 2554 511 2626 [Miscueruntque
523 2556 617 2609 herbas
630 2564 657 2610 et
668 2573 722 2609 non
734 2557 844 2608 innoxia
855 2551 955 2620 verba]

276 2627 416 2679 Auxilium
428 2627 509 2692 venit,
522 2644 552 2679 ac
564 2627 687 2679 membris
699 2627 757 2694 agit
768 2632 827 2678 atra
839 2643 947 2679 venena.
1072 2631 1123 2679 130

270 2695 337 2758 Ipsa
346 2696 445 2762 ingens
457 2696 539 2760 arbos,
552 2697 699 2763 faciemque
712 2696 846 2748 simillima
857 2695 931 2748 lauro
942 2714 949 2759 ;

250 2757 297 2819 Et,
311 2762 404 2814 sinon
416 2765 504 2817 alium
517 2766 575 2821 late
580 2768 704 2838 jactaret
716 2766 830 2834 odorem,

237 2817 347 2876 laurus
359 2837 440 2899 cret;
457 2836 529 2893 solia
541 2839 621 2896 baud
637 2841 702 2896 ullis
715 2839 839 2897 labentia
850 2835 963 2899 versas
