<?xml version="1.0" encoding="UTF-8"?>
<!DOCTYPE html PUBLIC "-//W3C//DTD XHTML 1.0 Transitional//EN"
    "http://www.w3.org/TR/xhtml1/DTD/xhtml1-transitional.dtd">
<html xmlns="http://www.w3.org/1999/xhtml" xml:lang="en" lang="en">
 <head>
  <title>
</title>
<meta http-equiv="Content-Type" content="text/html;charset=utf-8" />
  <meta name='ocr-system' content='tesseract 3.04.00' />
  <meta name='ocr-capabilities' content='ocr_page ocr_carea ocr_par ocr_line ocrx_word'/>
</head>
<body>
  <div class='ocr_page' id='page_1' title='image "./operaomnia00virggoog/operaomnia00virggoog_0171.png"; bbox 0 0 2700 3242; ppageno 0'>
   <div class='ocr_carea' id='block_1_1' title="bbox 500 301 818 360">
    <p class='ocr_par' dir='ltr' id='par_1_1' title="bbox 500 301 818 360">
     <span class='ocr_line' id='line_1_1' title="bbox 500 301 818 360; baseline 0.016 -6"><span class='ocrx_word' id='word_1_1' title='bbox 500 301 667 356; x_wconf 80' lang='lat' dir='ltr'>AENEIDOS</span> <span class='ocrx_word' id='word_1_2' title='bbox 685 302 752 358; x_wconf 84' lang='lat' dir='ltr'><strong>LIB.</strong></span> <span class='ocrx_word' id='word_1_3' title='bbox 771 305 818 360; x_wconf 83' lang='lat' dir='ltr'>IV.</span> 
     </span>
    </p>
   </div>
   <div class='ocr_carea' id='block_1_2' title="bbox 238 402 1091 2752">
    <p class='ocr_par' dir='ltr' id='par_1_2' title="bbox 238 402 1091 2752">
     <span class='ocr_line' id='line_1_2' title="bbox 238 402 802 473; baseline 0.004 -18"><span class='ocrx_word' id='word_1_4' title='bbox 238 402 367 456; x_wconf 78' lang='lat' dir='ltr'><strong>Mortales</strong></span> <span class='ocrx_word' id='word_1_5' title='bbox 379 403 450 456; x_wconf 88' lang='lat' dir='ltr'>risus</span> <span class='ocrx_word' id='word_1_6' title='bbox 461 404 547 457; x_wconf 91' lang='lat' dir='ltr'>medio</span> <span class='ocrx_word' id='word_1_7' title='bbox 559 421 676 456; x_wconf 87' lang='lat' dir='ltr'>sermone</span> <span class='ocrx_word' id='word_1_8' title='bbox 687 405 802 473; x_wconf 85' lang='lat' dir='ltr'>reliquit,</span> 
     </span>
     <span class='ocr_line' id='line_1_3' title="bbox 238 472 911 542; baseline 0.001 -17"><span class='ocrx_word' id='word_1_9' title='bbox 238 472 275 526; x_wconf 85' lang='lat' dir='ltr'>Et</span> <span class='ocrx_word' id='word_1_10' title='bbox 286 473 380 542; x_wconf 90' lang='lat' dir='ltr'>procul</span> <span class='ocrx_word' id='word_1_11' title='bbox 391 474 419 524; x_wconf 93' lang='lat' dir='ltr'>in</span> <span class='ocrx_word' id='word_1_12' title='bbox 432 481 540 526; x_wconf 87' lang='lat' dir='ltr'>tenuem</span> <span class='ocrx_word' id='word_1_13' title='bbox 552 491 585 526; x_wconf 86' lang='lat' dir='ltr'>ex</span> <span class='ocrx_word' id='word_1_14' title='bbox 597 474 680 525; x_wconf 89' lang='lat' dir='ltr'>oculis</span> <span class='ocrx_word' id='word_1_15' title='bbox 692 475 800 526; x_wconf 85' lang='lat' dir='ltr'>evanuit</span> <span class='ocrx_word' id='word_1_16' title='bbox 812 492 911 526; x_wconf 84' lang='lat' dir='ltr'>auram.</span> 
     </span>
     <span class='ocr_line' id='line_1_4' title="bbox 274 543 869 617; baseline -0.002 -22"><span class='ocrx_word' id='word_1_17' title='bbox 274 544 313 596; x_wconf 81' lang='lat' dir='ltr'>At</span> <span class='ocrx_word' id='word_1_18' title='bbox 325 560 386 595; x_wconf 87' lang='lat' dir='ltr'>vero</span> <span class='ocrx_word' id='word_1_19' title='bbox 397 543 498 617; x_wconf 59' lang='lat' dir='ltr'>AEneq</span> <span class='ocrx_word' id='word_1_20' title='bbox 507 549 616 611; x_wconf 86' lang='lat' dir='ltr'>aspectu</span> <span class='ocrx_word' id='word_1_21' title='bbox 627 543 762 596; x_wconf 84' lang='lat' dir='ltr'>obmutuit</span> <span class='ocrx_word' id='word_1_22' title='bbox 773 561 869 609; x_wconf 89' lang='lat' dir='ltr'>amens,</span> 
     </span>
     <span class='ocr_line' id='line_1_5' title="bbox 239 611 1084 679; baseline -0.001 -15"><span class='ocrx_word' id='word_1_23' title='bbox 239 611 408 679; x_wconf 81' lang='lat' dir='ltr'>Arrectaeque</span> <span class='ocrx_word' id='word_1_24' title='bbox 420 612 525 664; x_wconf 84' lang='lat' dir='ltr'>horrore</span> <span class='ocrx_word' id='word_1_25' title='bbox 537 629 624 679; x_wconf 75' lang='lat' dir='ltr'>coma,</span> <span class='ocrx_word' id='word_1_26' title='bbox 637 619 664 665; x_wconf 91' lang='lat' dir='ltr'>et</span> <span class='ocrx_word' id='word_1_27' title='bbox 676 629 728 664; x_wconf 82' lang='lat' dir='ltr'>vox</span> <span class='ocrx_word' id='word_1_28' title='bbox 739 612 860 664; x_wconf 85' lang='lat' dir='ltr'>faucibus</span> <span class='ocrx_word' id='word_1_29' title='bbox 873 613 957 664; x_wconf 59' lang='lat' dir='ltr'>haesit.</span> <span class='ocrx_word' id='word_1_30' title='bbox 1032 614 1084 663; x_wconf 79' lang='lat'>280</span> 
     </span>
     <span class='ocr_line' id='line_1_6' title="bbox 239 681 907 749; baseline -0.004 -15"><span class='ocrx_word' id='word_1_31' title='bbox 239 682 326 734; x_wconf 83' lang='lat' dir='ltr'>Ardet</span> <span class='ocrx_word' id='word_1_32' title='bbox 337 681 409 733; x_wconf 90' lang='lat' dir='ltr'>abire</span> <span class='ocrx_word' id='word_1_33' title='bbox 420 683 492 749; x_wconf 84' lang='lat' dir='ltr'>fuga,</span> <span class='ocrx_word' id='word_1_34' title='bbox 505 682 647 748; x_wconf 83' lang='lat' dir='ltr'>dulcesque</span> <span class='ocrx_word' id='word_1_35' title='bbox 658 682 806 749; x_wconf 83' lang='lat' dir='ltr'>relinquere</span> <span class='ocrx_word' id='word_1_36' title='bbox 818 688 907 748; x_wconf 82' lang='lat' dir='ltr'>terras,</span> 
     </span>
     <span class='ocr_line' id='line_1_7' title="bbox 239 751 880 819; baseline 0 -17"><span class='ocrx_word' id='word_1_37' title='bbox 239 751 381 802; x_wconf 79' lang='lat' dir='ltr'>Attonitus</span> <span class='ocrx_word' id='word_1_38' title='bbox 393 757 467 802; x_wconf 88' lang='lat' dir='ltr'>tanto</span> <span class='ocrx_word' id='word_1_39' title='bbox 479 752 582 802; x_wconf 90' lang='lat' dir='ltr'>monitu</span> <span class='ocrx_word' id='word_1_40' title='bbox 594 751 754 819; x_wconf 90' lang='lat' dir='ltr'>imperioque</span> <span class='ocrx_word' id='word_1_41' title='bbox 767 751 880 802; x_wconf 88' lang='lat' dir='ltr'>deorum.</span> 
     </span>
     <span class='ocr_line' id='line_1_8' title="bbox 240 819 1021 888; baseline -0.001 -17"><span class='ocrx_word' id='word_1_42' title='bbox 240 819 312 886; x_wconf 88' lang='lat' dir='ltr'>Heu,</span> <span class='ocrx_word' id='word_1_43' title='bbox 324 819 390 887; x_wconf 92' lang='lat' dir='ltr'>quid</span> <span class='ocrx_word' id='word_1_44' title='bbox 402 820 484 887; x_wconf 81' lang='lat' dir='ltr'>agatl</span> <span class='ocrx_word' id='word_1_45' title='bbox 502 837 553 888; x_wconf 89' lang='lat' dir='ltr'>quo</span> <span class='ocrx_word' id='word_1_46' title='bbox 565 837 636 872; x_wconf 90' lang='lat' dir='ltr'>nunc</span> <span class='ocrx_word' id='word_1_47' title='bbox 648 821 767 886; x_wconf 84' lang='lat' dir='ltr'>reginam</span> <span class='ocrx_word' id='word_1_48' title='bbox 780 820 878 871; x_wconf 89' lang='lat' dir='ltr'>ambire</span> <span class='ocrx_word' id='word_1_49' title='bbox 889 820 1021 871; x_wconf 88' lang='lat' dir='ltr'>furentem</span> 
     </span>
     <span class='ocr_line' id='line_1_9' title="bbox 240 888 876 957; baseline 0.002 -18"><span class='ocrx_word' id='word_1_50' title='bbox 240 890 348 941; x_wconf 85' lang='lat' dir='ltr'>Audeat</span> <span class='ocrx_word' id='word_1_51' title='bbox 360 889 443 941; x_wconf 87' lang='lat' dir='ltr'>affatu</span> <span class='ocrx_word' id='word_1_52' title='bbox 453 888 463 941; x_wconf 84' lang='lat' dir='ltr'>l</span> <span class='ocrx_word' id='word_1_53' title='bbox 482 907 540 957; x_wconf 85' lang='lat' dir='ltr'>quae</span> <span class='ocrx_word' id='word_1_54' title='bbox 553 891 638 957; x_wconf 89' lang='lat' dir='ltr'>prima</span> <span class='ocrx_word' id='word_1_55' title='bbox 650 890 758 940; x_wconf 82' lang='lat' dir='ltr'>exordia</span> <span class='ocrx_word' id='word_1_56' title='bbox 770 896 857 940; x_wconf 85' lang='lat' dir='ltr'>sumat</span> <span class='ocrx_word' id='word_1_57' title='bbox 867 889 876 940; x_wconf 89' lang='lat' dir='ltr'>l</span> 
     </span>
     <span class='ocr_line' id='line_1_10' title="bbox 240 956 1023 1078; baseline -0.001 -69"><span class='ocrx_word' id='word_1_58' title='bbox 240 956 342 1078; x_wconf 41' lang='lat' dir='ltr'>{Atque</span> <span class='ocrx_word' id='word_1_59' title='bbox 355 959 472 1009; x_wconf 90' lang='lat' dir='ltr'>animum</span> <span class='ocrx_word' id='word_1_60' title='bbox 484 975 555 1011; x_wconf 90' lang='lat' dir='ltr'>nunc</span> <span class='ocrx_word' id='word_1_61' title='bbox 567 959 619 1010; x_wconf 91' lang='lat' dir='ltr'>huc</span> <span class='ocrx_word' id='word_1_62' title='bbox 632 959 748 1024; x_wconf 89' lang='lat' dir='ltr'>celerem,</span> <span class='ocrx_word' id='word_1_63' title='bbox 761 976 831 1009; x_wconf 92' lang='lat' dir='ltr'>nunc</span> <span class='ocrx_word' id='word_1_64' title='bbox 844 959 939 1010; x_wconf 82' lang='lat' dir='ltr'>dividit</span> <span class='ocrx_word' id='word_1_65' title='bbox 953 958 1023 1024; x_wconf 91' lang='lat' dir='ltr'>illuc,</span> 
     </span>
     <span class='ocr_line' id='line_1_11' title="bbox 257 1026 942 1096; baseline 0 -18"><span class='ocrx_word' id='word_1_66' title='bbox 257 1042 275 1078; x_wconf 92' lang='lat' dir='ltr'>n</span> <span class='ocrx_word' id='word_1_67' title='bbox 288 1035 429 1095; x_wconf 86' lang='lat' dir='ltr'>partesque</span> <span class='ocrx_word' id='word_1_68' title='bbox 439 1029 510 1095; x_wconf 86' lang='lat' dir='ltr'>rapit</span> <span class='ocrx_word' id='word_1_69' title='bbox 522 1028 614 1095; x_wconf 86' lang='lat' dir='ltr'>varias,</span> <span class='ocrx_word' id='word_1_70' title='bbox 627 1044 725 1096; x_wconf 85' lang='lat' dir='ltr'>perque</span> <span class='ocrx_word' id='word_1_71' title='bbox 738 1028 825 1079; x_wconf 83' lang='lat' dir='ltr'>omnia</span> <span class='ocrx_word' id='word_1_72' title='bbox 837 1026 942 1095; x_wconf 70' lang='lat' dir='ltr'>versas]</span> 
     </span>
     <span class='ocr_line' id='line_1_12' title="bbox 242 1095 840 1164; baseline 0 -17"><span class='ocrx_word' id='word_1_73' title='bbox 242 1095 310 1148; x_wconf 83' lang='lat' dir='ltr'>Haec</span> <span class='ocrx_word' id='word_1_74' title='bbox 323 1096 465 1148; x_wconf 78' lang='lat' dir='ltr'>alternanti</span> <span class='ocrx_word' id='word_1_75' title='bbox 478 1097 563 1164; x_wconf 85' lang='lat' dir='ltr'>potior</span> <span class='ocrx_word' id='word_1_76' title='bbox 574 1098 705 1149; x_wconf 86' lang='lat' dir='ltr'>sententia</span> <span class='ocrx_word' id='word_1_77' title='bbox 717 1096 773 1148; x_wconf 86' lang='lat' dir='ltr'>visa</span> <span class='ocrx_word' id='word_1_78' title='bbox 785 1102 840 1148; x_wconf 88' lang='lat' dir='ltr'>est:</span> 
     </span>
     <span class='ocr_line' id='line_1_13' title="bbox 242 1164 1010 1233; baseline 0 -17"><span class='ocrx_word' id='word_1_79' title='bbox 242 1164 384 1217; x_wconf 88' lang='lat' dir='ltr'>Mnesthea</span> <span class='ocrx_word' id='word_1_80' title='bbox 396 1166 596 1233; x_wconf 75' lang='lat' dir='ltr'>Sergestumque</span> <span class='ocrx_word' id='word_1_81' title='bbox 608 1172 692 1232; x_wconf 84' lang='lat' dir='ltr'>vocat,</span> <span class='ocrx_word' id='word_1_82' title='bbox 704 1167 849 1233; x_wconf 85' lang='lat' dir='ltr'>fortemque</span> <span class='ocrx_word' id='word_1_83' title='bbox 862 1165 1010 1216; x_wconf 82' lang='lat' dir='ltr'>Serestum:</span> 
     </span>
     <span class='ocr_line' id='line_1_14' title="bbox 243 1234 966 1302; baseline 0 -17"><span class='ocrx_word' id='word_1_84' title='bbox 243 1234 359 1286; x_wconf 76' lang='lat' dir='ltr'>Classem</span> <span class='ocrx_word' id='word_1_85' title='bbox 371 1241 464 1302; x_wconf 90' lang='lat' dir='ltr'>aptent</span> <span class='ocrx_word' id='word_1_86' title='bbox 476 1235 559 1301; x_wconf 86' lang='lat' dir='ltr'>taciti,</span> <span class='ocrx_word' id='word_1_87' title='bbox 572 1236 705 1302; x_wconf 89' lang='lat' dir='ltr'>sociosque</span> <span class='ocrx_word' id='word_1_88' title='bbox 717 1235 751 1286; x_wconf 90' lang='lat' dir='ltr'>ad</span> <span class='ocrx_word' id='word_1_89' title='bbox 763 1235 841 1286; x_wconf 89' lang='lat' dir='ltr'>litora</span> <span class='ocrx_word' id='word_1_90' title='bbox 854 1241 948 1301; x_wconf 82' lang='lat' dir='ltr'>cogant</span> <span class='ocrx_word' id='word_1_91' title='bbox 959 1253 966 1297; x_wconf 92' lang='lat'>;</span> 
     </span>
     <span class='ocr_line' id='line_1_15' title="bbox 243 1303 1087 1371; baseline -0.001 -17"><span class='ocrx_word' id='word_1_92' title='bbox 243 1303 327 1354; x_wconf 81' lang='lat' dir='ltr'>Anna</span> <span class='ocrx_word' id='word_1_93' title='bbox 339 1309 439 1371; x_wconf 76' lang='lat' dir='ltr'>parcnt,</span> <span class='ocrx_word' id='word_1_94' title='bbox 452 1309 485 1369; x_wconf 91' lang='lat' dir='ltr'>et,</span> <span class='ocrx_word' id='word_1_95' title='bbox 500 1321 557 1370; x_wconf 88' lang='lat' dir='ltr'>quae</span> <span class='ocrx_word' id='word_1_96' title='bbox 571 1305 605 1355; x_wconf 87' lang='lat' dir='ltr'>sit</span> <span class='ocrx_word' id='word_1_97' title='bbox 616 1304 694 1356; x_wconf 90' lang='lat' dir='ltr'>rebus</span> <span class='ocrx_word' id='word_1_98' title='bbox 706 1321 785 1355; x_wconf 86' lang='lat' dir='ltr'>causa</span> <span class='ocrx_word' id='word_1_99' title='bbox 797 1305 931 1366; x_wconf 83' lang='lat' dir='ltr'>novandis,</span> <span class='ocrx_word' id='word_1_100' title='bbox 1036 1305 1087 1354; x_wconf 71' lang='lat'>290</span> 
     </span>
     <span class='ocr_line' id='line_1_16' title="bbox 242 1372 937 1441; baseline 0 -17"><span class='ocrx_word' id='word_1_101' title='bbox 242 1372 435 1425; x_wconf 87' lang='lat' dir='ltr'>Dissimulent:</span> <span class='ocrx_word' id='word_1_102' title='bbox 454 1391 508 1425; x_wconf 89' lang='lat' dir='ltr'>sese</span> <span class='ocrx_word' id='word_1_103' title='bbox 520 1374 627 1439; x_wconf 85' lang='lat' dir='ltr'>interea,</span> <span class='ocrx_word' id='word_1_104' title='bbox 640 1374 745 1441; x_wconf 88' lang='lat' dir='ltr'>quando</span> <span class='ocrx_word' id='word_1_105' title='bbox 757 1374 857 1441; x_wconf 86' lang='lat' dir='ltr'>optima</span> <span class='ocrx_word' id='word_1_106' title='bbox 870 1373 937 1424; x_wconf 90' lang='lat' dir='ltr'>Dido</span> 
     </span>
     <span class='ocr_line' id='line_1_17' title="bbox 243 1441 880 1510; baseline -0.002 -17"><span class='ocrx_word' id='word_1_107' title='bbox 243 1441 360 1508; x_wconf 85' lang='lat' dir='ltr'>Nesciat,</span> <span class='ocrx_word' id='word_1_108' title='bbox 373 1449 399 1493; x_wconf 90' lang='lat' dir='ltr'>et</span> <span class='ocrx_word' id='word_1_109' title='bbox 411 1449 499 1493; x_wconf 88' lang='lat' dir='ltr'>tantos</span> <span class='ocrx_word' id='word_1_110' title='bbox 511 1443 598 1510; x_wconf 88' lang='lat' dir='ltr'>rumpi</span> <span class='ocrx_word' id='word_1_111' title='bbox 610 1460 663 1493; x_wconf 89' lang='lat' dir='ltr'>non</span> <span class='ocrx_word' id='word_1_112' title='bbox 676 1449 762 1509; x_wconf 89' lang='lat' dir='ltr'>speret</span> <span class='ocrx_word' id='word_1_113' title='bbox 773 1460 880 1502; x_wconf 82' lang='lat' dir='ltr'>amores,</span> 
     </span>
     <span class='ocr_line' id='line_1_18' title="bbox 244 1510 888 1579; baseline -0.002 -17"><span class='ocrx_word' id='word_1_114' title='bbox 244 1510 421 1562; x_wconf 78' lang='lat' dir='ltr'>Tentaturum</span> <span class='ocrx_word' id='word_1_115' title='bbox 433 1511 528 1578; x_wconf 88' lang='lat' dir='ltr'>aditus,</span> <span class='ocrx_word' id='word_1_116' title='bbox 541 1518 568 1562; x_wconf 87' lang='lat' dir='ltr'>ct</span> <span class='ocrx_word' id='word_1_117' title='bbox 580 1529 637 1579; x_wconf 85' lang='lat' dir='ltr'>quae</span> <span class='ocrx_word' id='word_1_118' title='bbox 650 1511 802 1563; x_wconf 89' lang='lat' dir='ltr'>mollissima</span> <span class='ocrx_word' id='word_1_119' title='bbox 814 1512 888 1562; x_wconf 84' lang='lat' dir='ltr'>fandi</span> 
     </span>
     <span class='ocr_line' id='line_1_19' title="bbox 244 1580 970 1648; baseline 0.001 -17"><span class='ocrx_word' id='word_1_120' title='bbox 244 1580 381 1648; x_wconf 79' lang='lat' dir='ltr'>Tempora,</span> <span class='ocrx_word' id='word_1_121' title='bbox 393 1581 450 1648; x_wconf 91' lang='lat' dir='ltr'>quis</span> <span class='ocrx_word' id='word_1_122' title='bbox 462 1580 539 1632; x_wconf 89' lang='lat' dir='ltr'>rebus</span> <span class='ocrx_word' id='word_1_123' title='bbox 552 1581 643 1633; x_wconf 82' lang='lat' dir='ltr'>dexter</span> <span class='ocrx_word' id='word_1_124' title='bbox 655 1581 754 1632; x_wconf 91' lang='lat' dir='ltr'>modus.</span> <span class='ocrx_word' id='word_1_125' title='bbox 791 1580 869 1632; x_wconf 89' lang='lat' dir='ltr'>Ocius</span> <span class='ocrx_word' id='word_1_126' title='bbox 882 1598 970 1632; x_wconf 83' lang='lat' dir='ltr'>onmes</span> 
     </span>
     <span class='ocr_line' id='line_1_20' title="bbox 244 1647 816 1717; baseline 0 -16"><span class='ocrx_word' id='word_1_127' title='bbox 244 1647 360 1717; x_wconf 86' lang='lat' dir='ltr'>Imperio</span> <span class='ocrx_word' id='word_1_128' title='bbox 373 1648 428 1701; x_wconf 84' lang='lat' dir='ltr'>laeti</span> <span class='ocrx_word' id='word_1_129' title='bbox 439 1656 539 1717; x_wconf 87' lang='lat' dir='ltr'>parent,</span> <span class='ocrx_word' id='word_1_130' title='bbox 552 1667 582 1701; x_wconf 90' lang='lat' dir='ltr'>ac</span> <span class='ocrx_word' id='word_1_131' title='bbox 591 1651 666 1716; x_wconf 80' lang='lat' dir='ltr'>jussa</span> <span class='ocrx_word' id='word_1_132' title='bbox 678 1651 816 1702; x_wconf 86' lang='lat' dir='ltr'>facessunt.</span> 
     </span>
     <span class='ocr_line' id='line_1_21' title="bbox 280 1719 960 1787; baseline 0.001 -18"><span class='ocrx_word' id='word_1_133' title='bbox 280 1721 319 1770; x_wconf 87' lang='lat' dir='ltr'>At</span> <span class='ocrx_word' id='word_1_134' title='bbox 330 1719 422 1785; x_wconf 83' lang='lat' dir='ltr'>regina</span> <span class='ocrx_word' id='word_1_135' title='bbox 434 1719 505 1770; x_wconf 89' lang='lat' dir='ltr'>dolos</span> <span class='ocrx_word' id='word_1_136' title='bbox 518 1719 588 1787; x_wconf 89' lang='lat' dir='ltr'>(quis</span> <span class='ocrx_word' id='word_1_137' title='bbox 599 1719 691 1770; x_wconf 84' lang='lat' dir='ltr'>fallere</span> <span class='ocrx_word' id='word_1_138' title='bbox 703 1720 784 1787; x_wconf 86' lang='lat' dir='ltr'>possit</span> <span class='ocrx_word' id='word_1_139' title='bbox 796 1725 928 1771; x_wconf 84' lang='lat' dir='ltr'>amantem</span> <span class='ocrx_word' id='word_1_140' title='bbox 939 1720 960 1786; x_wconf 63' lang='grc' dir='ltr'>ἲ)</span> 
     </span>
     <span class='ocr_line' id='line_1_22' title="bbox 245 1787 879 1855; baseline 0.003 -17"><span class='ocrx_word' id='word_1_141' title='bbox 245 1787 395 1853; x_wconf 88' lang='lat' dir='ltr'>Praesensit,</span> <span class='ocrx_word' id='word_1_142' title='bbox 406 1795 545 1855; x_wconf 88' lang='lat' dir='ltr'>motusque</span> <span class='ocrx_word' id='word_1_143' title='bbox 557 1789 661 1855; x_wconf 83' lang='lat' dir='ltr'>excepit</span> <span class='ocrx_word' id='word_1_144' title='bbox 673 1789 759 1855; x_wconf 88' lang='lat' dir='ltr'>prima</span> <span class='ocrx_word' id='word_1_145' title='bbox 770 1789 879 1852; x_wconf 84' lang='lat' dir='ltr'>futuros,</span> 
     </span>
     <span class='ocr_line' id='line_1_23' title="bbox 246 1856 961 1925; baseline -0.001 -17"><span class='ocrx_word' id='word_1_146' title='bbox 246 1856 343 1908; x_wconf 86' lang='lat' dir='ltr'>Omnia</span> <span class='ocrx_word' id='word_1_147' title='bbox 355 1862 415 1909; x_wconf 90' lang='lat' dir='ltr'>tuta</span> <span class='ocrx_word' id='word_1_148' title='bbox 427 1857 528 1910; x_wconf 85' lang='lat' dir='ltr'>timeus.</span> <span class='ocrx_word' id='word_1_149' title='bbox 564 1857 663 1908; x_wconf 85' lang='lat' dir='ltr'>Eadem</span> <span class='ocrx_word' id='word_1_150' title='bbox 675 1857 757 1925; x_wconf 90' lang='lat' dir='ltr'>impia</span> <span class='ocrx_word' id='word_1_151' title='bbox 770 1858 851 1909; x_wconf 84' lang='lat' dir='ltr'>Fama</span> <span class='ocrx_word' id='word_1_152' title='bbox 862 1859 961 1909; x_wconf 85' lang='lat' dir='ltr'>furenti</span> 
     </span>
     <span class='ocr_line' id='line_1_24' title="bbox 245 1925 861 1994; baseline 0.002 -17"><span class='ocrx_word' id='word_1_153' title='bbox 245 1925 352 1978; x_wconf 89' lang='lat' dir='ltr'>Detulit</span> <span class='ocrx_word' id='word_1_154' title='bbox 363 1926 459 1977; x_wconf 87' lang='lat' dir='ltr'>armari</span> <span class='ocrx_word' id='word_1_155' title='bbox 471 1926 586 1992; x_wconf 81' lang='lat' dir='ltr'>classem,</span> <span class='ocrx_word' id='word_1_156' title='bbox 599 1942 755 1993; x_wconf 89' lang='lat' dir='ltr'>cursumque</span> <span class='ocrx_word' id='word_1_157' title='bbox 768 1927 861 1994; x_wconf 86' lang='lat' dir='ltr'>parari.</span> 
     </span>
     <span class='ocr_line' id='line_1_25' title="bbox 246 1995 1089 2064; baseline -0.002 -18"><span class='ocrx_word' id='word_1_158' title='bbox 246 1995 329 2047; x_wconf 75' lang='lat' dir='ltr'>Saerit</span> <span class='ocrx_word' id='word_1_159' title='bbox 340 1995 415 2063; x_wconf 92' lang='lat' dir='ltr'>inops</span> <span class='ocrx_word' id='word_1_160' title='bbox 427 1995 516 2061; x_wconf 87' lang='lat' dir='ltr'>animi,</span> <span class='ocrx_word' id='word_1_161' title='bbox 529 2001 663 2063; x_wconf 87' lang='lat' dir='ltr'>totamque</span> <span class='ocrx_word' id='word_1_162' title='bbox 676 1996 781 2048; x_wconf 88' lang='lat' dir='ltr'>incensa</span> <span class='ocrx_word' id='word_1_163' title='bbox 793 2014 839 2064; x_wconf 89' lang='lat' dir='ltr'>per</span> <span class='ocrx_word' id='word_1_164' title='bbox 850 1996 942 2048; x_wconf 86' lang='lat' dir='ltr'>urbem</span> <span class='ocrx_word' id='word_1_165' title='bbox 1037 1996 1089 2045; x_wconf 81' lang='lat'>300</span> 
     </span>
     <span class='ocr_line' id='line_1_26' title="bbox 245 2063 853 2133; baseline 0 -17"><span class='ocrx_word' id='word_1_166' title='bbox 245 2063 413 2116; x_wconf 78' lang='lat' dir='ltr'>Bacchatur:</span> <span class='ocrx_word' id='word_1_167' title='bbox 431 2064 515 2133; x_wconf 89' lang='lat' dir='ltr'>qualis</span> <span class='ocrx_word' id='word_1_168' title='bbox 528 2065 662 2116; x_wconf 90' lang='lat' dir='ltr'>commotis</span> <span class='ocrx_word' id='word_1_169' title='bbox 675 2065 762 2116; x_wconf 78' lang='lat' dir='ltr'>excita</span> <span class='ocrx_word' id='word_1_170' title='bbox 775 2066 853 2116; x_wconf 88' lang='lat' dir='ltr'>sacris</span> 
     </span>
     <span class='ocr_line' id='line_1_27' title="bbox 246 2132 925 2200; baseline 0 -16"><span class='ocrx_word' id='word_1_171' title='bbox 246 2132 354 2200; x_wconf 73' lang='lat' dir='ltr'>Thyias,</span> <span class='ocrx_word' id='word_1_172' title='bbox 366 2133 412 2184; x_wconf 90' lang='lat' dir='ltr'>ubi</span> <span class='ocrx_word' id='word_1_173' title='bbox 424 2133 515 2185; x_wconf 88' lang='lat' dir='ltr'>audito</span> <span class='ocrx_word' id='word_1_174' title='bbox 527 2133 666 2185; x_wconf 86' lang='lat' dir='ltr'>stimulant</span> <span class='ocrx_word' id='word_1_175' title='bbox 680 2134 810 2185; x_wconf 82' lang='lat' dir='ltr'>trieterica</span> <span class='ocrx_word' id='word_1_176' title='bbox 822 2134 925 2185; x_wconf 89' lang='lat' dir='ltr'>Baccho</span> 
     </span>
     <span class='ocr_line' id='line_1_28' title="bbox 248 2202 908 2270; baseline 0 -16"><span class='ocrx_word' id='word_1_177' title='bbox 248 2202 337 2269; x_wconf 85' lang='lat' dir='ltr'>Orgia,</span> <span class='ocrx_word' id='word_1_178' title='bbox 350 2208 545 2270; x_wconf 91' lang='lat' dir='ltr'>nocturnusque</span> <span class='ocrx_word' id='word_1_179' title='bbox 557 2209 634 2254; x_wconf 86' lang='lat' dir='ltr'>vocat</span> <span class='ocrx_word' id='word_1_180' title='bbox 646 2203 757 2255; x_wconf 86' lang='lat' dir='ltr'>clamore</span> <span class='ocrx_word' id='word_1_181' title='bbox 770 2203 908 2254; x_wconf 70' lang='lat' dir='ltr'>Citheron.</span> 
     </span>
     <span class='ocr_line' id='line_1_29' title="bbox 247 2271 901 2340; baseline -0.002 -16"><span class='ocrx_word' id='word_1_182' title='bbox 247 2271 366 2324; x_wconf 78' lang='lat' dir='ltr'>Tandem</span> <span class='ocrx_word' id='word_1_183' title='bbox 378 2271 418 2322; x_wconf 88' lang='lat' dir='ltr'>his</span> <span class='ocrx_word' id='word_1_184' title='bbox 431 2272 533 2323; x_wconf 85' lang='lat' dir='ltr'>AEneau</span> <span class='ocrx_word' id='word_1_185' title='bbox 545 2272 685 2340; x_wconf 87' lang='lat' dir='ltr'>compellat</span> <span class='ocrx_word' id='word_1_186' title='bbox 697 2273 803 2325; x_wconf 74' lang='lat' dir='ltr'>vocibus</span> <span class='ocrx_word' id='word_1_187' title='bbox 815 2273 901 2323; x_wconf 88' lang='lat' dir='ltr'>ultro:</span> 
     </span>
     <span class='ocr_line' id='line_1_30' title="bbox 285 2338 943 2407; baseline 0 -17"><span class='ocrx_word' id='word_1_188' title='bbox 285 2338 481 2390; x_wconf 87' lang='lat' dir='ltr'>“Dissimulare</span> <span class='ocrx_word' id='word_1_189' title='bbox 494 2340 574 2390; x_wconf 90' lang='lat' dir='ltr'>etiam</span> <span class='ocrx_word' id='word_1_190' title='bbox 587 2340 706 2407; x_wconf 78' lang='lat' dir='ltr'>sperasti,</span> <span class='ocrx_word' id='word_1_191' title='bbox 719 2340 825 2407; x_wconf 87' lang='lat' dir='ltr'>perfide,</span> <span class='ocrx_word' id='word_1_192' title='bbox 838 2348 943 2391; x_wconf 62' lang='lat' dir='ltr'>tantum</span> 
     </span>
     <span class='ocr_line' id='line_1_31' title="bbox 248 2405 888 2473; baseline -0.008 -13"><span class='ocrx_word' id='word_1_193' title='bbox 248 2407 328 2461; x_wconf 84' lang='lat' dir='ltr'>Posse</span> <span class='ocrx_word' id='word_1_194' title='bbox 339 2407 419 2472; x_wconf 85' lang='lat' dir='ltr'>nefas,</span> <span class='ocrx_word' id='word_1_195' title='bbox 432 2407 581 2473; x_wconf 85' lang='lat' dir='ltr'>tacitusque</span> <span class='ocrx_word' id='word_1_196' title='bbox 593 2423 651 2457; x_wconf 91' lang='lat' dir='ltr'>mea</span> <span class='ocrx_word' id='word_1_197' title='bbox 664 2405 787 2457; x_wconf 87' lang='lat' dir='ltr'>decedere</span> <span class='ocrx_word' id='word_1_198' title='bbox 800 2419 869 2456; x_wconf 82' lang='lat' dir='ltr'>term</span> <span class='ocrx_word' id='word_1_199' title='bbox 882 2419 888 2455; x_wconf 74' lang='lat' dir='ltr'>s</span> 
     </span>
     <span class='ocr_line' id='line_1_32' title="bbox 248 2473 1059 2541; baseline -0.006 -11"><span class='ocrx_word' id='word_1_200' title='bbox 248 2477 305 2530; x_wconf 86' lang='lat' dir='ltr'>Nec</span> <span class='ocrx_word' id='word_1_201' title='bbox 318 2482 345 2528; x_wconf 89' lang='lat' dir='ltr'>te</span> <span class='ocrx_word' id='word_1_202' title='bbox 356 2482 443 2528; x_wconf 87' lang='lat' dir='ltr'>noster</span> <span class='ocrx_word' id='word_1_203' title='bbox 455 2492 534 2541; x_wconf 88' lang='lat' dir='ltr'>amor,</span> <span class='ocrx_word' id='word_1_204' title='bbox 547 2493 594 2527; x_wconf 94' lang='lat' dir='ltr'>nec</span> <span class='ocrx_word' id='word_1_205' title='bbox 607 2483 634 2526; x_wconf 87' lang='lat' dir='ltr'>te</span> <span class='ocrx_word' id='word_1_206' title='bbox 647 2475 710 2526; x_wconf 88' lang='lat' dir='ltr'>data</span> <span class='ocrx_word' id='word_1_207' title='bbox 722 2474 830 2525; x_wconf 82' lang='lat' dir='ltr'>dextera</span> <span class='ocrx_word' id='word_1_208' title='bbox 843 2473 982 2540; x_wconf 76' lang='lat' dir='ltr'>querulam,</span> <span class='ocrx_word' id='word_1_209' title='bbox 1056 2519 1059 2525; x_wconf 93' lang='lat'><strong>.</strong></span> 
     </span>
     <span class='ocr_line' id='line_1_33' title="bbox 248 2542 845 2599; baseline -0.01 0"><span class='ocrx_word' id='word_1_210' title='bbox 248 2546 305 2599; x_wconf 86' lang='lat' dir='ltr'>Nec</span> <span class='ocrx_word' id='word_1_211' title='bbox 317 2546 444 2597; x_wconf 86' lang='lat' dir='ltr'>moritura</span> <span class='ocrx_word' id='word_1_212' title='bbox 456 2550 529 2597; x_wconf 86' lang='lat' dir='ltr'>tenet</span> <span class='ocrx_word' id='word_1_213' title='bbox 542 2544 641 2596; x_wconf 89' lang='lat' dir='ltr'>crudeli</span> <span class='ocrx_word' id='word_1_214' title='bbox 653 2545 745 2595; x_wconf 86' lang='lat' dir='ltr'>funere</span> <span class='ocrx_word' id='word_1_215' title='bbox 757 2542 826 2594; x_wconf 90' lang='lat' dir='ltr'>Dido</span> <span class='ocrx_word' id='word_1_216' title='bbox 836 2542 845 2593; x_wconf 81' lang='lat' dir='ltr'>l</span> 
     </span>
     <span class='ocr_line' id='line_1_34' title="bbox 250 2612 865 2681; baseline -0.01 -14"><span class='ocrx_word' id='word_1_217' title='bbox 250 2615 414 2681; x_wconf 85' lang='lat' dir='ltr'>Quinetiam</span> <span class='ocrx_word' id='word_1_218' title='bbox 425 2613 533 2666; x_wconf 91' lang='lat' dir='ltr'>hiberno</span> <span class='ocrx_word' id='word_1_219' title='bbox 545 2614 643 2664; x_wconf 87' lang='lat' dir='ltr'>moliris</span> <span class='ocrx_word' id='word_1_220' title='bbox 655 2613 738 2664; x_wconf 90' lang='lat' dir='ltr'>sidere</span> <span class='ocrx_word' id='word_1_221' title='bbox 750 2612 865 2674; x_wconf 84' lang='lat' dir='ltr'>classem,</span> 
     </span>
     <span class='ocr_line' id='line_1_35' title="bbox 250 2677 1091 2752; baseline -0.013 -13"><span class='ocrx_word' id='word_1_222' title='bbox 250 2686 286 2739; x_wconf 82' lang='lat' dir='ltr'>Et</span> <span class='ocrx_word' id='word_1_223' title='bbox 297 2684 390 2736; x_wconf 87' lang='lat' dir='ltr'>mediis</span> <span class='ocrx_word' id='word_1_224' title='bbox 402 2701 524 2752; x_wconf 87' lang='lat' dir='ltr'>properas</span> <span class='ocrx_word' id='word_1_225' title='bbox 538 2682 712 2749; x_wconf 81' lang='lat' dir='ltr'>Aquilonibus</span> <span class='ocrx_word' id='word_1_226' title='bbox 725 2682 762 2733; x_wconf 86' lang='lat' dir='ltr'>ire</span> <span class='ocrx_word' id='word_1_227' title='bbox 774 2697 821 2748; x_wconf 86' lang='lat' dir='ltr'>per</span> <span class='ocrx_word' id='word_1_228' title='bbox 832 2677 926 2740; x_wconf 78' lang='lat' dir='ltr'>altum,</span> <span class='ocrx_word' id='word_1_229' title='bbox 1041 2679 1091 2729; x_wconf 63' lang='lat' dir='ltr'>riu</span> 
     </span>
    </p>
   </div>
   <div class='ocr_carea' id='block_1_3' title="bbox 251 2753 944 2823">
    <p class='ocr_par' dir='ltr' id='par_1_3' title="bbox 251 2753 944 2823">
     <span class='ocr_line' id='line_1_36' title="bbox 251 2753 944 2823; baseline -0.003 -14"><span class='ocrx_word' id='word_1_230' title='bbox 251 2754 390 2809; x_wconf 64' lang='lat' dir='ltr'>Crudelis?</span> <span class='ocrx_word' id='word_1_231' title='bbox 409 2755 476 2818; x_wconf 81' lang='lat' dir='ltr'>Quid</span> <span class='ocrx_word' id='word_1_232' title='bbox 489 2755 499 2807; x_wconf 84' lang='lat' dir='ltr'>l</span> <span class='ocrx_word' id='word_1_233' title='bbox 515 2753 537 2806; x_wconf 82' lang='lat' dir='ltr'>si</span> <span class='ocrx_word' id='word_1_234' title='bbox 548 2771 601 2807; x_wconf 88' lang='lat' dir='ltr'>non</span> <span class='ocrx_word' id='word_1_235' title='bbox 614 2771 680 2808; x_wconf 85' lang='lat' dir='ltr'>arva</span> <span class='ocrx_word' id='word_1_236' title='bbox 691 2754 782 2808; x_wconf 86' lang='lat' dir='ltr'>aliena</span> <span class='ocrx_word' id='word_1_237' title='bbox 793 2755 944 2823; x_wconf 65' lang='lat' dir='ltr'>domosque</span> 
     </span>
    </p>
   </div>
   <div class='ocr_carea' id='block_1_4' title="bbox 246 2825 890 2902">
    <p class='ocr_par' dir='ltr' id='par_1_4' title="bbox 246 2825 890 2902">
     <span class='ocr_line' id='line_1_37' title="bbox 246 2825 890 2902; baseline 0.017 -29"><span class='ocrx_word' id='word_1_238' title='bbox 246 2826 354 2891; x_wconf 65' lang='grc' dir='ltr'>[μισέω</span> <span class='ocrx_word' id='word_1_239' title='bbox 358 2828 468 2891; x_wconf 80' lang='lat' dir='ltr'>peteres,</span> <span class='ocrx_word' id='word_1_240' title='bbox 483 2830 512 2878; x_wconf 88' lang='lat' dir='ltr'>et</span> <span class='ocrx_word' id='word_1_241' title='bbox 525 2825 604 2897; x_wconf 82' lang='lat' dir='ltr'>l&#39;roja</span> <span class='ocrx_word' id='word_1_242' title='bbox 616 2828 737 2902; x_wconf 87' lang='lat' dir='ltr'>antiqua</span> <span class='ocrx_word' id='word_1_243' title='bbox 749 2834 890 2898; x_wconf 82' lang='lat' dir='ltr'>maneret,</span> 
     </span>
    </p>
   </div>
   <div class='ocr_carea' id='block_1_5' title="bbox 0 0 1370 3242">
    <p class='ocr_par' dir='ltr' id='par_1_5' title="bbox 0 0 1370 3242">
     <span class='ocr_line' id='line_1_38' title="bbox 0 0 1370 3242; baseline 0 0"><span class='ocrx_word' id='word_1_244' title='bbox 0 0 1370 3242; x_wconf 95' lang='lat' dir='ltr'> </span> 
     </span>
    </p>
   </div>
  </div>
 </body>
</html>
