2700 3242
273 304 324 352 246
497 301 519 350 Ρ
546 300 700 353 VIRGILII
719 300 881 354 MARONIS

273 403 333 454 Una
345 404 437 471 iugens
450 404 586 456 Amiterna
598 404 695 470 cohors,
708 405 838 472 priscique
850 404 975 473 Quirites,
1066 404 1113 459 710

273 472 347 524 Ereti
359 490 452 524 manus
465 473 556 538 omnis,
569 472 745 540 olivifermque
757 473 906 537 Mutuscae;

276 541 327 604 Qui
339 541 501 593 Nomentum
512 541 611 608 urbem,
625 543 670 608 qui
683 542 766 593 Rosea
778 559 840 593 rura
850 542 946 609 Velini,

276 611 327 673 Qui
340 610 448 662 Tetricae
461 610 589 661 horrentis
601 627 687 677 rupes,
699 617 867 677 montemque
878 611 1013 678 Severum,

276 679 475 747 Casperiamque
488 678 584 744 colunt,
597 677 765 745 Forulosque,
778 686 805 730 et
817 679 915 730 flumen
929 681 1073 744 ssimellae3

277 748 328 810 Qui
340 747 465 814 Thybrim
478 746 651 813 Fabarimque
663 746 766 813 bibunt,
779 764 844 815 quos
855 748 954 815 frigida
965 750 1041 802 misit

276 816 380 882 Nursia,
393 822 420 868 et
432 816 551 867 Hortinae
563 815 664 882 classes,
676 817 819 883 populique
832 816 929 882 latini,

278 886 399 952 Quosque
411 902 499 936 secans
511 884 657 936 infaustum
669 884 790 936 interluit
802 884 872 936 Allia
883 902 996 941 nomen:

278 955 363 1017 Quam
375 953 453 1005 multi
466 953 562 1020 Libyco
575 953 718 1004 volvuntur
729 971 857 1004 marmore
868 953 975 1022 fluctus,

278 1023 368 1076 Saevus
380 1022 426 1073 ubi
439 1022 518 1074 Orion
530 1021 646 1073 hibernis
658 1022 781 1073 conditur
794 1022 889 1085 undis;

279 1092 328 1144 Vel
341 1109 423 1160 quum
435 1091 487 1142 sole
499 1109 566 1144 novo
578 1090 664 1142 densae
679 1097 811 1142 torrentur
822 1091 917 1159 aristae,
1070 1094 1118 1147 720

278 1161 335 1212 Aut
348 1160 441 1211 Hermi
453 1177 551 1227 campo,
565 1165 612 1210 aut
625 1159 712 1227 Lyciae
724 1159 883 1211 flaventibus
894 1161 972 1215 arvis

279 1229 360 1283 Scuta
372 1235 472 1295 sonant,
485 1229 615 1296 pulsuque
628 1228 726 1296 pedum
738 1228 879 1280 conterrita
891 1230 979 1285 tellus.

315 1299 386 1350 Hinc
399 1296 628 1365 Agamemnonius,
641 1297 748 1364 Trojani
759 1298 873 1348 nominis
885 1298 976 1366 hostis,

281 1369 365 1420 Oruru
374 1367 466 1435 jungit
478 1367 599 1417 Halesus
612 1383 699 1433 equos,
712 1366 852 1434 Turnoque
864 1367 963 1420 feroces

281 1437 357 1490 Mille
368 1437 438 1503 rapit
449 1435 558 1504 populos
568 1453 575 1498 ;
594 1440 702 1487 vertunt
714 1435 802 1487 felicia
815 1435 919 1487 Bacche

281 1506 394 1558 Massica
406 1506 452 1572 qui
460 1504 559 1570 rastris,
571 1509 598 1555 et
610 1521 674 1571 quos
687 1503 719 1554 de
732 1504 841 1555 collibus
853 1505 915 1556 altis

281 1574 401 1627 Aurunci
412 1575 504 1625 misere
517 1579 612 1641 patres,
625 1573 794 1640 Sidicinaque
802 1575 884 1640 juxta

283 1645 414 1712 AEquora;
432 1643 530 1710 quique
543 1641 616 1694 Cales
628 1642 762 1709 linquunt,
775 1643 912 1710 amnisque
925 1643 1017 1695 vadosi

282 1713 378 1765 Accola
391 1712 524 1778 Vulturni,
537 1711 687 1779 pariterque
700 1710 833 1762 Saticulus
845 1729 928 1780 asper,

284 1782 459 1848 Oscorumque
471 1797 571 1832 manus.
602 1781 707 1831 Teretes
720 1785 782 1831 sunt
794 1779 899 1846 aclydes
912 1781 967 1832 illis
1075 1783 1121 1835 730

284 1852 359 1903 Tela:
378 1849 423 1901 sed
435 1850 491 1901 haec
503 1849 575 1901 lento
587 1866 642 1900 mos
654 1853 694 1899 eet
706 1854 798 1916 aptare
809 1847 921 1915 flagello.

284 1920 374 1972 Laenas
387 1926 465 1971 caetra
478 1919 559 1985 tegit;
577 1918 669 1970 falcati
682 1918 799 1969 cominus
812 1935 892 1969 enses,

319 1990 344 2041 N
345 2007 374 2041 ec
386 1994 417 2039 tu
430 1988 587 2039 carminibus
599 1987 694 2038 nostris
707 1987 822 2038 indictus
834 1986 925 2052 abibis,

286 2059 385 2124 OEbale,
398 2075 475 2124 quem
487 2074 622 2123 generasse
635 2057 715 2107 Telon
729 2056 868 2108 Sebethide
879 2057 1000 2124 nympha

286 2129 387 2192 Fertur,
401 2126 540 2178 Teleboum
553 2126 668 2193 Capreae
676 2143 760 2193 quum
771 2142 852 2191 regna
864 2132 967 2177 teneret

286 2198 306 2250 J
307 2216 350 2249 am
362 2196 446 2248 senior
457 2215 463 2258 ;
481 2195 574 2263 patriis
587 2193 631 2245 sed
643 2212 697 2246 non
709 2200 736 2246 ct
748 2194 819 2245 filius
831 2195 900 2246 arvis

288 2268 438 2331 Contentus,
451 2264 505 2316 late
513 2265 570 2330 jam
583 2270 641 2315 tum
653 2263 753 2314 ditione
765 2264 900 2331 premebat

288 2336 417 2388 Sarrastes
430 2333 546 2401 populos,
559 2339 586 2385 et
599 2350 657 2400 quae
669 2333 740 2398 rigat
752 2350 856 2399 aequora
868 2332 976 2400 Sarnus,

289 2405 391 2471 Quique
404 2403 500 2454 Rufras
512 2402 690 2468 Batulumque
703 2407 794 2452 tenent
807 2408 887 2469 atque
899 2420 963 2453 arva
976 2401 1105 2463 Gelennoe,

288 2473 324 2524 Et
336 2490 399 2540 quos
410 2472 536 2523 maliferae
549 2471 702 2538 despectant
713 2470 810 2522 moenia
822 2471 921 2522 Abellae
933 2489 939 2523 :
1082 2474 1128 2526 740

289 2542 431 2594 Teutonico
443 2541 497 2591 ritu
510 2540 580 2591 soliti
593 2546 713 2606 torquere
726 2539 823 2590 cateias
834 2559 840 2603 ;

289 2610 416 2677 Tegmina
428 2609 501 2678 queis
514 2609 631 2676 capitum
643 2615 735 2675 raptus
748 2609 780 2659 de
794 2608 884 2660 subere
897 2614 996 2674 cortex,

290 2681 439 2747 AErataeque
451 2679 551 2729 micant
563 2678 648 2744 peltae,
661 2678 742 2728 micat
756 2694 837 2728 aereus
850 2677 926 2729 ensis.

316 2751 356 2803 Et
369 2756 396 2804 te
407 2755 538 2804 montosae
549 2747 644 2800 misere
654 2746 686 2799 in
695 2745 789 2814 prelia
799 2745 895 2811 Nersae,

273 2822 367 2893 Ufens,
382 2823 525 2896 insignem
538 2822 616 2877 fama
629 2824 658 2872 et
667 2816 794 2871 ielic'inus
804 2815 902 2864 1111111·Ι

253 2894 295 2951 H
292 2898 388 2957 orrida
400 2899 554 2974 praeeipue
567 2895 615 2952 cui
630 2908 709 2966 gens,
720 2889 882 2946 amuetnque
889 2876 977 2928 muse
