2700 3242
256 285 308 338 122
495 289 524 342 P.
543 289 697 344 vinoun
715 291 876 344 MARONIS

281 387 303 439 Ο
317 388 386 450 socii,
399 405 450 466 qua
462 389 562 457 prima,’
574 390 668 457 inquit,
681 389 804 442 ‘fortuna
816 388 909 441 salutis

260 451 391 507 Monstrat
403 461 460 521 iter,
473 473 575 525 quaque
587 458 702 510 ostendit
714 475 741 509 se
753 459 853 524 dextm,
866 473 1024 525 sequamur:

260 520 396 575 Mutemus
408 525 512 593 clipeos,
524 527 698 596 Danaumque
710 528 824 593 insignia
836 527 910 579 nobis

259 591 397 658 Aptemus.
435 592 517 642 Dolus
529 609 562 644 an
575 595 665 658 virtus,
680 597 738 663 quis
750 597 778 646 in
792 597 865 650 hoste
878 600 1015 667 requiratl
1047 607 1053 655 ἶ

261 663 342 714 Arma
354 661 457 715 dabunt
469 664 534 732 ipsi'
569 664 612 716 sie
624 665 702 731 fatus,
715 666 810 717 deinde
822 675 970 720 comantem

259 733 393 801 Androgei
406 733 508 800 galeam
520 733 648 802 clipeique
661 734 763 801 insigne
776 734 898 785 decorum

260 803 393 868 induitur,
405 803 533 870 laterique
546 803 675 869 Argivum
687 804 865 855 accommodat
877 821 972 856 ensem.

260 871 318 924 Hoc
332 872 455 940 Rhipeus,
468 873 516 924 hoc
529 873 584 940 ipse
596 872 703 940 Dymas,
716 873 851 940 omnisque
859 875 988 941 juventus

260 940 333 994 Laeta
343 941 426 1004 faeit3
444 941 532 1008 spoliis
544 959 571 993 se
583 943 693 1010 quisque
705 943 852 994 recentibus
864 950 956 995 mmet

260 1010 387 1062 Vadimus
399 1011 515 1062 immixti
527 1011 626 1063 Danais
638 1011 711 1063 haud
723 1013 832 1063 numine
845 1019 940 1078 nostro,

259 1078 399 1149 Multaque
411 1097 457 1148 per
469 1097 564 1132 caecam
576 1082 707 1148 congressi
720 1081 813 1149 proelia
824 1087 927 1134 noctem

260 1149 440 1214 Conserimus;
458 1150 555 1201 multos
567 1150 690 1202 Danaum
702 1151 865 1202 demittimus
878 1151 950 1204 Orco.

262 1219 411 1286 Diffugiunt
424 1219 470 1271 alii
482 1220 515 1271 ad
528 1237 614 1286 naves,
627 1227 654 1272 et
666 1220 745 1272 litora
757 1237 835 1272 cursu

261 1288 326 1340 Fida
338 1295 433 1356 petunt
443 1307 451 1352 ς
468 1307 528 1358 pars
540 1289 675 1356 ingentem
687 1289 827 1341 formidine
839 1291 911 1358 turpi

259 1357 396 1410 Scandunt
407 1376 497 1410 rursus
510 1376 614 1426 equum,
628 1366 655 1411 et
667 1367 732 1411 nota
743 1359 894 1412 conduntur
906 1361 934 1410 in
946 1359 1013 1412 alvo.

292 1425 375 1480 “Heu
385 1426 453 1480 nihil
466 1430 557 1481 inritis
568 1428 609 1480 ias
622 1443 781 1494 quemquam
793 1425 873 1479 fidere
884 1429 952 1480 divis
963 1433 971 1484 l

260 1494 327 1546 Ecce
340 1495 493 1547 trahebatur
505 1498 587 1563 passis
599 1495 731 1547 Priameia
742 1496 815 1562 virgo

260 1563 380 1615 Crinibus
393 1580 409 1615 a
421 1565 519 1631 templo
532 1564 676 1617 Cassandra
687 1566 826 1633 adytisque
838 1565 972 1632 Minerva,

260 1633 302 1684 Ad
315 1633 409 1685 coelum
421 1633 531 1685 tendens
544 1635 664 1686 ardentia
675 1635 777 1686 lumina
786 1637 891 1700 frustra,

262 1702 477 1768 humina-nam
488 1710 591 1756 teneras
603 1703 727 1756 arcebant
736 1705 842 1756 vincula
854 1704 961 1772 palmas.

261 1771 320 1824 Non
332 1771 396 1824 tulit
408 1772 477 1823 hanc
490 1773 602 1840 speciem
614 1773 713 1826 furiata
724 1780 813 1825 mente
826 1774 955 1839 Coroebus,

261 1841 297 1894 Et
309 1859 362 1893 sese
374 1841 491 1893 medium
502 1842 593 1909 injecit
605 1842 739 1911 periturus
751 1844 779 1894 in
791 1860 892 1910 agmen.

261 1910 450 1977 Consequimur
462 1911 551 1963 cuncti
567 1920 594 1964 et
607 1911 694 1963 densis
706 1911 864 1962 incurrimus
875 1913 962 1962 armis.

263 1979 314 2032 Hic
325 1981 440 2049 primurn
452 1998 485 2032 ex
498 1981 552 2032 alto
564 1981 667 2033 delubri
680 1982 794 2033 culmine
806 1980 865 2033 telis

262 2050 416 2102 Nostrorum
428 2050 569 2117 obruimur,
582 2051 716 2117 oriturque
728 2051 873 2102 miserrima
885 2050 968 2102 caedes

262 2120 401 2172 Armorum
413 2120 480 2172 facie
492 2128 519 2171 et
532 2120 669 2172 Graiarum
682 2137 765 2172 errore
774 2120 906 2187 jubarum.

261 2188 329 2241 Tum
342 2189 427 2242 Danai
440 2190 540 2256 gemitu
553 2196 632 2256 atque
644 2197 739 2258 ereptae
751 2189 861 2256 virginis
872 2190 912 2241 ira

262 2259 385 2327 Undique
398 2259 500 2312 collecti
512 2259 650 2323 invadunt,
663 2259 804 2311 acerrimus
817 2259 893 2327 Ajax‚

262 2328 297 2381 Et
309 2329 407 2396 gemini
419 2329 527 2394 Atrida,
539 2328 720 2397 Dolopumque
732 2329 862 2381 exercitus
874 2330 974 2382 omnis:

262 2398 371 2450 Adversi
383 2405 462 2466 rupto
474 2415 523 2449 ceu
536 2398 668 2465 quondam
680 2398 785 2450 turbine
797 2399 870 2450 venti

262 2467 419 2534 Confligunt,
433 2467 626 2536 Zephyrusque,
638 2467 781 2534 Notusque,
794 2475 821 2520 et
833 2469 908 2519 laetus
921 2467 983 2520 Eois

262 2535 347 2588 Emus
360 2537 449 2605 equis:
468 2537 584 2588 stridunt
596 2537 676 2603 silvae,
690 2538 815 2604 stentque
827 2538 936 2588 tridenti

262 2605 280 2657 S
299 2622 391 2657 umeus
403 2613 482 2674 atque
495 2606 547 2658 imo
559 2606 658 2658 Nereus
670 2607 723 2658 ciet
735 2624 838 2674 aequora
850 2607 939 2660 fundo

262 2623 306 2726 Ilii
320 2675 406 2741 etiam,
420 2675 442 2726 si
455 2692 519 2742 quos
531 2677 640 2727 obscura
651 2683 728 2728 noete
740 2694 786 2744 per
798 2675 918 2728 umbram

254 2743 388 2796 Fudr'rnus
396 2744 510 2813 insidiis,
524 2751 631 2815 totaque
643 2746 802 2815 agitavimus
813 2745 885 2810 urbe,

237 2810 385 2880 Apparere
389 2834 403 2883 ,·
418 2817 505 2890 primi
519 2818 620 2893 clipeos
631 2817 803 2888 mentitaque
812 2814 872 2869 tela
