2700 3242
522 300 692 372 annuos
709 317 778 371 ura.
796 317 829 372 v.
1049 320 1098 370 187

245 418 314 472 Haec
326 419 399 472 fatus
411 418 545 489 duplicem
556 438 591 474 ex
602 421 720 473 humeris
732 420 824 489 rejecit
837 419 972 485 amictum,

245 487 282 541 Et
294 505 405 556 magnos
416 489 595 542 membrorum
608 496 691 556 artus,
703 507 801 557 magna
813 507 871 542 ossa
882 489 1046 557 lacertosque

246 557 340 625 Exuit,
353 563 433 627 atque
445 559 539 627 ingens
550 559 639 612 media
651 559 773 612 consistit
784 577 872 612 arena.

245 627 316 679 l'um
328 633 402 680 satus
414 628 532 680 Anchisa
544 636 630 681 cestus
643 636 719 698 pater
731 629 830 681 extulit
843 645 938 696 aequos,

245 695 283 750 Et
294 696 403 766 paribus
414 697 516 766 palmas
529 698 666 751 amborum
678 699 804 750 innexuit
816 698 903 750 armis.

245 764 375 830 Constitit
386 767 415 818 iu
428 767 525 834 digitos
537 768 671 836 extemplo
683 772 802 820 arrectus
814 773 936 835 uterque,

244 835 414 904 Brachiaque
426 836 460 889 ad
473 854 581 906 superas
593 836 732 889 interritus
744 837 844 889 extulit
856 853 941 889 auras.

245 904 391 958 Abduxere
403 912 472 958 retro
484 907 563 974 longe
576 906 665 975 capita
677 906 761 958 ardua
772 905 806 958 ab
819 905 882 972 ictu,

246 974 454 1044 Immiseentque
465 993 561 1028 manus
573 976 704 1043 manibus,
717 993 888 1044 pugnamque
900 975 1033 1028 lacessunt
1045 993 1051 1036 ;

246 1043 300 1097 Ille
311 1043 412 1113 pedum
423 1045 517 1098 melior
528 1052 604 1097 motu
615 1045 753 1113 fretusque
761 1047 882 1113 juventa,
1047 1047 1100 1097 430

245 1113 301 1166 Hie
312 1114 437 1166 membris
449 1120 476 1167 et
488 1114 557 1167 mole
569 1115 676 1167 valens:
695 1115 741 1167 sed
753 1115 830 1167 tarda
842 1113 966 1166 trementi

246 1183 341 1236 Genua
353 1181 463 1248 labant3
482 1189 570 1237 vastos
582 1184 670 1252 quatit
679 1201 751 1252 ,aeger
763 1184 897 1236 anhelitus
909 1189 991 1238 artus.

245 1251 338 1305 Multa
351 1252 401 1304 viri
413 1254 594 1322 nequidquam
606 1253 676 1316 iuter
689 1271 716 1306 se
729 1254 840 1305 vulnera
848 1255 962 1321 jactant,

245 1321 338 1375 Multa
350 1339 415 1374 cavo
427 1322 505 1375 lateri
518 1323 693 1391 ingeminant,
707 1328 734 1375 et
746 1328 851 1391 pectore
863 1329 951 1375 vastos

245 1390 321 1445 Dant
334 1391 452 1444 sonitus:
471 1398 594 1460 erratque
606 1410 682 1445 aures
695 1397 722 1444 et
735 1398 854 1460 tempora
866 1392 965 1444 circum

246 1460 345 1513 Crebra
356 1477 470 1525 manus;
489 1462 554 1514 duro
567 1463 700 1530 crepitant
713 1461 761 1513 sub
774 1461 883 1513 vulnere
894 1461 978 1514 malae.

246 1529 308 1583 Stet
320 1530 410 1598 gravis
422 1531 551 1596 Entellus,
564 1532 677 1598 uisuque
690 1532 814 1583 immotus
827 1530 919 1583 eodem

247 1600 360 1668 Corpore
373 1599 427 1652 tela
439 1599 516 1652 modo
529 1606 609 1669 atque
621 1601 705 1652 oculis
720 1600 894 1667 vigilantibus
907 1600 971 1654 exit.

246 1669 305 1735 Ille,
319 1669 394 1721 velut
406 1668 503 1722 celsam
516 1675 653 1738 oppugnat
666 1670 712 1738 qui
723 1669 836 1721 molibus
850 1670 941 1722 urbem
1060 1673 1063 1678 ’

246 1738 305 1791 Aut
315 1743 443 1791 montana
456 1739 529 1791 sedet
541 1740 640 1791 circum
653 1739 762 1791 castella
774 1739 823 1790 sub
836 1740 923 1806 armis,
1047 1742 1100 1791 440

245 1807 328 1859 Nune
339 1807 395 1875 hos,
407 1825 480 1860 nune
492 1809 551 1860 illos
563 1809 659 1873 aditus,
673 1825 830 1876 omnemque
842 1813 960 1876 pererrat

246 1875 314 1929 Arte
327 1876 422 1943 locum,
435 1884 463 1930 et
475 1879 556 1930 variis
568 1877 713 1930 assultibus
725 1878 816 1929 irritus
829 1885 913 1944 urget.

247 1946 372 1999 Ostendit
384 1947 506 1999 dextram
518 1947 657 2014 insurgens
670 1947 799 2010 Entellus,
812 1955 839 1999 et
851 1948 905 1999 alte

246 2015 372 2069 Extulit:
391 2016 437 2069 ille
449 2017 534 2068 ictum
546 2018 696 2069 venientem
709 2034 725 2068 a
737 2017 835 2069 vertice
848 2018 925 2070 velox

246 2084 382 2152 Praevidit‚
396 2085 526 2154 celerique
539 2086 643 2154 elapsus
656 2104 762 2154 corpore
776 2087 861 2140 cessit.

246 2154 373 2207 Entellus
385 2155 454 2208 vires
466 2156 495 2207 in
508 2161 618 2207 ventum
631 2156 733 2222 effudit,
746 2162 773 2208 et
785 2157 856 2208 ultro

247 2224 262 2276 Ι
282 2241 310 2276 se
322 2224 410 2291 gravis
422 2225 590 2292 graviterque
603 2225 636 2277 ad
649 2231 747 2277 terram
759 2226 874 2293 pondere
886 2230 961 2279 vasto

285 2293 387 2346 ncidit:
405 2301 438 2346 ut
450 2294 584 2362 quondam
596 2312 661 2346 cava
674 2295 789 2347 concidit
802 2300 849 2347 aut
862 2293 1034 2363 Erymantho,

247 2362 306 2415 Aue
319 2362 369 2415 Ida
381 2363 410 2415 in
422 2381 520 2430 magna
532 2364 665 2416 radicibus
678 2371 755 2416 eruta
766 2365 853 2433 pinus.

247 2432 419 2500 Consurgunt
431 2433 527 2485 studiis
540 2434 634 2486 Teucri
646 2439 673 2485 et
686 2434 821 2486 Trinacria
833 2432 915 2502 pubes
926 2451 933 2497 3
1048 2435 1101 2484 450

247 2501 277 2554 It
289 2501 388 2554 elamor
400 2503 481 2565 coelo;
499 2503 650 2571 primusque
663 2503 779 2555 accurrit
792 2503 906 2569 Acestes,

247 2569 460 2638 AEquaevumque
472 2571 506 2625 ab
518 2572 599 2625 humo
611 2573 739 2624 miserans
751 2572 852 2625 attollit
864 2572 988 2624 amicum.

247 2639 286 2693 At
298 2657 353 2692 nou
365 2641 486 2694 tardatus
499 2659 562 2694 casu
574 2659 659 2711 neque
672 2644 781 2695 territus
793 2642 869 2693 heros

247 2709 343 2762 Acrior
355 2711 389 2762 ad
401 2728 520 2780 pugnam
532 2712 608 2778 redit,
622 2729 653 2765 ae
665 2712 722 2764 vim
733 2711 849 2765 suscitat
859 2710 924 2778 iren,

247 2778 317 2832 Turn
326 2779 416 2848 pudor
424 2781 545 2836 incendit
559 2783 629 2840 vires
643 2789 671 2841 et
684 2785 799 2842 conseia
809 2784 905 2842 uirtus
912 2803 926 2850 ·,

238 2846 458 2918 &totitemque
469 2852 566 2912 Daren
578 2859 682 2918 ardens
696 2861 761 2936 agit
775 2875 896 2934 aequors
904 2860 985 2919 seue,
