2700 3242
504 291 707 345 GEORGIOON
725 291 793 345 LIB.
806 291 857 345 111.

258 392 292 445 Et
304 391 396 444 dulces
407 393 510 445 animas
521 392 601 461 plena
613 392 647 444 ad
659 393 787 461 praesepia
798 392 920 444 reddunt.

257 462 330 514 Hinc
343 462 452 519 canibus
465 461 570 513 blandis
581 461 666 513 rabies
678 462 761 527 venit,
772 467 800 513 et
829 461 899 512 uatit
911 479 993 529 aegros

258 531 347 583 Tussis
360 531 456 582 anhela
469 548 527 582 11111
539 547 571 582 11
582 529 704 582 faucibus
716 530 792 596 angit
803 546 818 581 0
852 530 893 582 111.

257 598 370 652 labitur
381 600 477 652 infelix
489 600 638 652 studiorum
649 605 730 668 atque
742 600 878 653 immemor
889 599 984 665 herbae,

258 668 351 721 Victor
363 686 455 738 equus,
466 670 604 736 fontesque
616 669 753 735 avertitur,
765 674 793 720 et
804 668 871 736 pede
882 675 979 720 terrem

258 738 355 791 Crebra
366 738 445 802 ferit3
463 738 582 790 demissae
594 755 669 790 aures
680 756 688 802 ;
704 738 822 789 incertus
834 737 932 788 ibidem
1055 740 1107 789 500

257 807 350 875 Sudor,
364 813 391 860 et
402 807 448 860 ille
461 807 569 876 quidem
579 807 714 859 morituris
725 807 838 873 frigidus
848 825 855 870 ;
873 814 930 859 aret

257 876 346 944 Pellis,
359 882 387 930 et
398 877 433 929 ad
445 882 549 929 tactum
560 877 689 928 tractanti
700 876 769 927 dura
780 876 886 929 resistit.

257 945 326 998 Haec
338 951 402 998 ante
414 946 527 998 exitium
539 945 631 1014 primis
643 945 710 997 dant
722 945 798 1011 signa
810 945 909 999 diebus.

257 1015 305 1067 Sin
317 1016 347 1067 in
358 1032 481 1083 processu
492 1015 572 1083 coepit
585 1014 736 1066 crudescere
747 1014 868 1066 morbus:

257 1084 327 1136 Tum
338 1101 400 1136 vero
412 1085 533 1136 ardentes
546 1084 622 1150 oculi,
636 1089 717 1151 atque
729 1088 858 1135 attractus
870 1083 904 1136 ab
915 1083 970 1136 alto

258 1153 381 1222 Spiritus,
393 1153 529 1206 interdum
540 1154 643 1221 gemitu
655 1152 743 1220 gravis
754 1171 760 1215 ;
778 1152 883 1220 imaque
895 1153 973 1220 longo

259 1222 310 1275 Ilia
322 1223 444 1290 singultu
455 1223 571 1274 tendunt
581 1241 588 1286 ;
605 1222 628 1274 it
640 1209 749 1274 1111111111
761 1227 819 1273 ater

257 1291 381 1360 Sanguis,
393 1297 421 1345 et
432 1292 546 1344 obsessas
558 1292 648 1344 fauces
660 1291 757 1359 premit
769 1307 862 1357 aspera
873 1289 983 1358 lingua:

258 1361 365 1414 Profuit
375 1362 474 1414 inserto
486 1361 578 1413 latices
590 1361 730 1412 infundere
743 1376 825 1411 cornu

258 1430 380 1495 Lenaeos3
398 1431 497 1483 sarisa
510 1430 580 1482 salus
591 1429 764 1482 morientibus
777 1445 838 1480 una.
1055 1431 1106 1480 510

257 1498 322 1551 Mox
334 1505 392 1552 erat
403 1499 452 1551 hoc
463 1500 551 1568 ipsum
564 1499 653 1565 exitio,
664 1498 793 1566 fruiisque
805 1497 899 1550 refecti

257 1569 402 1636 Ardebant,
414 1569 516 1637 ipsique
528 1585 595 1636 suos,
604 1570 662 1636 jam
673 1574 758 1619 morte
770 1567 819 1618 sub
831 1584 908 1634 aegru,

258 1638 306 1704 (Di
317 1639 426 1691 meliora
438 1638 497 1706 piis,
509 1654 673 1706 erroremque
685 1636 805 1689 hostibus
816 1636 893 1687 illum
904 1635 923 1703 1)

257 1706 385 1760 Discissos
397 1707 475 1759 nudis
487 1707 625 1759 laniabant
637 1706 761 1758 dentibus
773 1711 854 1758 artus.

257 1775 326 1829 Ecce
337 1782 428 1829 autem
440 1776 506 1828 duro
517 1777 624 1828 fumans
636 1775 685 1827 sub
696 1792 800 1827 vomere
812 1779 905 1826 taurus

257 1845 386 1913 Concidit,
398 1851 426 1898 et
437 1846 553 1898 mixtum
566 1845 665 1914 spumis
678 1845 761 1896 vomit
773 1861 816 1896 ore
828 1861 953 1910 cruorem,

256 1914 449 1983 Extremusque
461 1915 513 1967 ciet
525 1915 646 1982 gemitus.
677 1914 704 1965 lt
716 1914 801 1965 tristis
813 1918 907 1979 arator,

256 1983 413 2037 Maerentem
425 1984 571 2052 abjungens
583 1984 700 2035 fraterna
711 1988 796 2034 morte
804 1984 956 2049 juvencum,

256 2053 347 2122 Atque
359 2070 435 2174 opere
447 2054 477 2104 in
487 2053 574 2105 medio
587 2053 674 2104 defixa
685 2052 812 2119 relinquit
824 2057 918 2103 aratra

256 2121 283 2175 N
283 2139 317 2175 on
329 2140 376 2175 um
394 2139 431 2174 ras
444 2123 558 2175 altorum
571 2139 714 2188 nemorum,
726 2138 780 2173 non
792 2120 883 2173 mollia
894 2127 1005 2188 possunt
1053 2124 1104 2172 520

257 2191 340 2244 Prata
350 2209 454 2245 movere
466 2192 592 2258 animum,
606 2208 658 2243 non
671 2191 717 2259 qui
729 2207 776 2258 per
787 2207 852 2242 11111
863 2189 971 2241 volutus

257 2260 352 2313 Purior
363 2261 460 2314 electro
472 2278 595 2330 campum
607 2261 675 2328 petit
687 2260 788 2312 amnis:
806 2265 836 2311 at
847 2259 902 2310 ima

257 2330 404 2384 Solvrmtur
415 2331 507 2396 latera,
519 2336 599 2398 atque
611 2329 699 2382 oeulos
712 2335 803 2396 stupor
813 2333 892 2394 urget
903 2327 1008 2394 inertes,

256 2399 299 2452 Ad
311 2406 462 2468 terramque
473 2400 533 2451 fluit
546 2400 646 2452 devexo
657 2398 772 2467 pondere
784 2397 880 2449 cervix.

258 2469 327 2534 Quid
339 2469 414 2522 labor
425 2475 472 2522 aut
483 2469 622 2521 benefacta
630 2466 748 2535 juvanti
766 2465 831 2534 quid
843 2482 946 2518 vomere
958 2472 1039 2517 terras

258 2539 400 2591 Invertisse
412 2538 523 2606 gravosi
541 2538 617 2605 atqui
629 2554 683 2588 non
695 2536 809 2587 Massica
820 2535 919 2587 Bacchi

257 2607 378 2674 Munera,
390 2625 444 2660 non
456 2608 509 2660 illis
522 2608 606 2675 epulae
619 2623 730 2658 nocuere
742 2610 869 2672 repostae:

257 2677 406 2729 Frondibus
418 2682 445 2729 et
457 2678 530 2729 victu
543 2682 689 2744 pascuntur
701 2674 827 2741 simplicis
839 2673 925 2725 herbae
937 2692 943 2737 ;

257 2745 358 2799 Pocula
369 2751 433 2797 sunt
442 2746 528 2798 fontes
537 2745 634 2815 liquidi
646 2750 730 2815 atque
742 2743 863 2802 exercite.
874 2763 959 2801 cursu

247 2813 392 2874 numium
406 2829 457 2864 1100
466 2831 574 2870 somnos
585 2815 731 2894 abrumpit
744 2839 814 2882 cura
824 2819 961 2881 salubres.
1079 2811 1137 2866 *611
