2700 3242
508 313 678 370 AENEIDOS
695 318 761 372 LIB.
779 319 827 372 Xl.
1036 321 1088 372 329

251 415 402 466 Consedisse
415 415 505 466 urbem
516 415 599 480 luctu,
611 415 675 465 dum
688 414 767 466 'llroia
778 419 866 466 tentet
1043 414 1095 466 350

252 484 351 550 Castra,
363 484 433 551 fugae
445 484 536 550 fidens,
549 490 576 535 ct
588 484 684 534 coelum
695 484 802 537 territat
813 483 900 536 armis

252 553 341 604 Unum
354 553 434 604 etiarn
446 553 521 604 donis
533 553 598 618 istis,
611 569 671 620 quae
683 552 800 620 plurima
809 552 884 604 mitti

251 620 411 673 Dardanidis
424 621 528 690 dicique
536 620 621 687 jubes,
634 638 728 688 unum,
740 621 839 690 optime
850 637 951 689 regum,

251 689 386 759 Adjicias3
405 708 453 742 nec
465 697 492 742 te
503 691 585 742 ullius
597 690 725 743 violentia
739 691 837 756 vincat,

253 758 325 822 Quin
337 765 428 811 natam
440 760 544 827 egregio
556 776 651 826 genero
663 759 803 826 dignisque
814 758 960 826 hymenaeis

252 826 313 891 Des,
326 833 408 896 pater,
422 834 448 880 et
461 845 553 896 pacem
564 828 633 880 hanc
645 833 744 880 aeterno
755 828 853 880 foedere
861 829 968 895 jungas.

253 895 329 959 Quod
342 897 364 948 si
376 902 468 949 tantus
479 896 560 949 habet
571 902 673 949 mentes
681 903 709 949 et
721 903 827 965 pectora
839 902 929 964 terror,

253 965 346 1033 Ipsum
358 964 525 1031 obtestemur,
538 966 694 1034 veniamque
707 983 809 1018 oremus
821 965 855 1018 ab
867 966 942 1034 ipso;

253 1033 342 1100 Cedat,
352 1036 397 1102 jus
409 1035 544 1103 proprium
556 1035 613 1103 regi
624 1035 771 1103 patriaeque
782 1035 909 1088 remittat.

254 1101 325 1166 Quid
336 1103 442 1156 miseros
454 1105 532 1156 toties
544 1104 678 1171 inaperta
690 1103 808 1172 pericula
820 1104 890 1156 cives
1046 1104 1098 1155 ³60

255 1170 372 1239 Projicis,
384 1189 399 1224 o
411 1173 487 1225 Latio
500 1179 580 1241 caput
592 1173 688 1224 horum
699 1179 727 1225 et
738 1189 818 1225 causa
829 1171 978 1225 malorum?

254 1239 337 1292 Nulla
349 1241 418 1293 salus
431 1241 515 1294 bello:
533 1259 625 1309 paoem
637 1247 664 1293 te
676 1241 807 1310 poscimus
819 1257 916 1308 omnes,

253 1308 349 1375 Turne,
362 1309 441 1362 simul
453 1311 525 1378 pacis
537 1311 622 1362 solum
633 1309 787 1362 inviolabile
799 1309 904 1377 pignus.

255 1377 359 1430 Primus
372 1395 427 1446 ego,
439 1379 555 1431 invisum
567 1396 645 1447 quem
658 1386 689 1430 tu
701 1378 751 1430 tibi
763 1377 848 1445 fingis,
861 1385 888 1431 et
899 1394 954 1430 esse

256 1447 301 1498 Nil
312 1465 405 1514 moror,
418 1465 451 1499 en
464 1448 576 1515 supplex
588 1447 672 1500 venio.
709 1447 833 1499 Miserere
845 1453 960 1513 tuorum,

259 1515 327 1568 Pone
338 1517 446 1583 animos,
459 1524 486 1568 et
498 1517 589 1584 pulsus
601 1515 651 1569 abi.
688 1516 735 1569 Sat
746 1515 841 1568 funera
851 1515 907 1568 fusi

260 1585 385 1651 Vidimus,
397 1586 518 1652 ingentes
531 1590 557 1637 et
569 1585 744 1638 desolavimus
757 1601 839 1651 agros.

259 1653 312 1705 Aut
325 1654 347 1704 si
359 1653 430 1705 fama
441 1659 537 1721 movet,
550 1654 572 1706 si
585 1660 691 1706 tantum
704 1660 808 1722 pectore
819 1654 899 1706 robur

256 1722 384 1790 concipis,
397 1728 425 1774 et
437 1723 459 1774 si
471 1723 535 1774 adeo
547 1722 642 1775 dotalis
654 1724 727 1790 regia
740 1723 811 1775 cordi
822 1730 880 1787 est3

257 1791 340 1858 Aude,
353 1798 433 1859 atque
445 1791 584 1843 adversum
596 1791 680 1843 fidens
691 1793 731 1844 fer
743 1799 835 1861 peetus
847 1793 876 1844 in
887 1791 997 1866 hostem.
1047 1791 1098 1844 370

257 1859 370 1925 Scilicet,
383 1865 415 1911 ut
427 1860 516 1912 Turno
528 1860 665 1927 contingat
677 1862 750 1927 regia
761 1863 866 1928 conjux,

256 1928 282 1980 N
283 1945 318 1994 os,
331 1928 426 1980 animae
438 1929 510 1994 viles,
523 1928 663 1980 inhumata
674 1929 817 1996 infletaque
829 1929 915 1995 turba,

257 1997 411 2049 sternamur
423 1997 529 2064 campis.
559 1997 595 2048 Et
604 1998 662 2064 jam
673 2002 686 2030 '
700 2003 739 2057 tu,
751 1999 774 2048 si
786 2013 843 2065 quae
852 2007 885 2036 ⁸·
898 1993 948 2046 tibi
959 1994 1007 2060 vis,

257 2065 286 2198 {i
297 2065 379 2134 patrii
390 2066 455 2156 qpid
466 2065 562 2118 Martis
574 2065 661 2131 habes,
674 2066 751 2117 illum
763 2067 850 2134 aspice
862 2071 961 2132 eontra,

281 2135 310 2185 ui
322 2140 406 2188 vocat.

292 2202 400 2255 Talibus
412 2202 510 2256 exarsit
523 2202 601 2255 dictis
613 2202 739 2255 violentia
751 2202 850 2266 Turni3

256 2271 312 2325 Dat
323 2273 459 2338 gemitum,
470 2272 623 2339 rumpitque
635 2273 683 2324 has
694 2272 747 2323 imo
758 2278 863 2351 pectore
874 2287 966 2323 voces:

257 2340 272 2369 “
280 2340 366 2405 larga
378 2338 493 2406 quidem,
507 2339 618 2402 Drance,
632 2355 734 2406 semper
745 2339 795 2390 tibi
807 2338 883 2405 copia
893 2337 969 2390 fandi

257 2407 333 2473 Tum,
345 2423 429 2474 quum
440 2405 509 2458 bella
521 2421 616 2456 manus
627 2410 740 2473 poscunt
750 2423 757 2468 ;
775 2404 946 2473 patribusque
958 2402 1057 2456 vocatis

257 2475 362 2528 Primus
376 2475 444 2527 ades.
474 2474 525 2526 Sed
537 2490 590 2525 non
602 2473 728 2541 replenda
740 2479 780 2525 est
791 2473 865 2524 curia
877 2472 970 2539 verbis,
1048 2473 1101 2526 380

259 2544 323 2608 Quae
335 2549 395 2595 tuto
407 2543 457 2595 tibi
469 2560 566 2609 magna
577 2542 675 2608 volant,
689 2541 753 2593 dum
765 2542 875 2594 distinet
886 2540 989 2593 hostem

257 2613 347 2681 Agger
358 2629 506 2678 moerorum,
517 2629 566 2663 nec
578 2611 711 2663 inundant
723 2611 852 2678 sanguine
863 2610 945 2663 fossa.

258 2681 372 2734 Proinde
384 2686 448 2733 tona
459 2680 711 2749 eloquio,-solitum
723 2679 790 2742 eibi;
806 2696 901 2748 meque
911 2678 1008 2731 timori

259 2751 350 2816 Argus
361 2755 398 2816 tn,
409 2750 521 2816 Drance,
534 2748 642 2819 quando
653 2755 699 2804 tot
710 2749 811 2820 stragis
821 2763 937 2803 acernea

251 2818 410 2869 Pencrornm
423 2823 473 2872 tua
485 2819 584 2877 dextm
597 2821 688 2895 dedit,
700 2814 996 2895 passimqueuope'xs

447 2907 550 2950 wem.
837 2905 872 2935 ι·
891 2912 939 2953 ψ
