2700 3242
584 318 770 374 MORETUM.
1050 321 1100 375 405

259 421 397 491 componit
409 420 507 487 tabula,
520 425 547 473 et
558 421 660 490 tepidos
673 439 752 490 super
763 421 861 488 ingerit
872 425 973 478 undas:

259 491 398 543 Contrahit
410 491 542 543 admixtos
554 508 625 542 nunc
636 491 722 542 fontes
734 497 815 557 atque
827 492 942 557 farinas3

258 561 428 613 Transversat
440 561 534 612 durata
545 578 634 627 manu,
646 560 797 628 liquidoque
809 567 899 612 coacto

258 630 398 682 Interdum
409 647 514 698 grumos
526 630 626 698 spargit
638 629 698 682 sale.
733 630 848 697 Jamque
861 629 1000 684 subactum

257 699 348 751 Laevat
360 716 431 767 opus,
443 699 587 767 palmisque
600 715 677 750 sunm
690 698 786 750 dilatat
797 699 826 749 in
839 698 935 767 orbem,

258 768 294 820 Et
305 775 387 834 notat,
400 769 530 836 impressis
543 785 616 836 aeqno
628 768 778 819 discrimine
790 768 903 835 quadris.

263 838 348 890 Infert
360 838 421 889 inde
433 837 621 904 foco—Cybele
632 837 805 889 mundaverat
817 843 910 904 aptum
1063 843 1097 892 50

258 909 330 959 Ante
342 907 589 975 lecum—testisque
602 907 668 974 tegit
678 925 685 970 ;
703 923 781 974 super
792 913 901 973 aggerat
912 907 994 976 ignes.

257 976 328 1028 Dum
347 994 380 1028 ue
393 994 451 1028 suas
463 977 566 1044 peragit
579 976 713 1028 Vulcanus
725 982 844 1043 testaque
857 983 953 1044 partes,

257 994 373 1097 Simulus
385 1046 486 1098 interea
497 1062 581 1098 vacua
592 1062 645 1097 nen
657 1051 740 1097 cessat
752 1045 781 1096 in
793 1045 872 1108 hore3

257 1114 356 1167 Verum
368 1115 447 1167 aliam
459 1115 508 1166 sibi
520 1115 614 1183 quaerit
626 1132 716 1182 opem;
734 1131 787 1166 neu
799 1114 853 1166 sola
865 1115 953 1182 palato

257 1183 298 1237 Sit
310 1202 362 1236 non
374 1191 451 1251 grata
462 1185 544 1249 Ceres,
557 1202 621 1252 quas
630 1186 735 1252 jungat,
748 1193 882 1251 comparat
894 1201 972 1238 escas.

256 1253 283 1305 N
283 1270 316 1305 on
329 1254 369 1305 illi
381 1271 505 1322 suspensa
517 1255 604 1306 iocum
616 1255 734 1305 carnaria
742 1255 830 1320 juxta,

256 1322 353 1375 Durati
365 1324 418 1376 sale
430 1330 504 1390 terga
516 1324 569 1375 suis
581 1323 720 1390 truncique
732 1322 874 1374 vacabant:

257 1391 391 1459 Trajcctus
403 1393 520 1444 medium
532 1398 619 1460 sparto
632 1393 676 1443 sed
689 1409 777 1444 caseus
789 1391 884 1459 orbem,

256 1461 293 1513 Et
304 1467 379 1513 vetus
391 1462 510 1514 adstricti
522 1462 599 1514 fascis
611 1461 742 1530 pendebat
754 1461 852 1513 anethi.

256 1529 326 1597 Ergo
338 1531 417 1583 aliam
429 1532 536 1582 molitur
548 1549 623 1599 opem
635 1531 684 1582 sibi
697 1530 819 1599 providus
831 1530 912 1583 heros.
1062 1536 1095 1586 60

291 1600 391 1652 Hortus
404 1607 460 1652 erat
468 1603 577 1668 junctus
590 1600 692 1665 casulae,
705 1618 782 1668 quem
794 1600 894 1653 vimina
905 1617 992 1670 pauca

256 1668 292 1720 Et
304 1669 403 1722 calamo
416 1670 530 1722 recidiva
541 1670 594 1722 levi
605 1669 726 1722 munibat
738 1670 845 1736 arundo,

256 1738 377 1807 Exiguus
389 1740 480 1807 spatio,
493 1740 571 1791 variis
584 1740 627 1791 sed
640 1740 735 1792 fertilis
747 1739 841 1792 herbis.

255 1806 282 1859 N
282 1823 316 1858 on
327 1808 368 1859 illi
380 1808 476 1873 deerat,
489 1808 558 1876 quod
570 1809 692 1878 pauperis
704 1809 788 1876 exigit
801 1827 869 1861 usus.

256 1877 408 1997 klnterdum
419 1877 534 1946 locuples
546 1895 562 1929 a
574 1896 688 1946 paupere
700 1878 777 1946 plura
788 1879 910 1946 petebat:

283 1964 316 1998 on
328 1951 429 1998 sumtus
442 1954 498 1998 erat
510 1946 577 1998 illud
589 1964 661 2014 opus,
674 1948 718 1998 sed
730 1948 821 2014 regula
833 1947 922 2014 curae.]

256 2014 285 2066 si
296 2015 401 2082 quando
413 2032 526 2068 vacuum
538 2016 626 2067 casula
638 2016 767 2084 pluviaeve
779 2016 904 2068 tenebant

256 2083 367 2136 Festavs
379 2084 434 2147 lux,
448 2084 469 2136 si
480 2085 548 2136 forte
560 2083 632 2136 labor
644 2084 761 2136 cessabat
773 2091 874 2137 aratro:

257 2151 336 2204 Horti
348 2170 412 2221 opus
424 2153 491 2205 illud
503 2159 566 2206 erat.
602 2154 695 2205 Varias
707 2154 834 2220 deponere
846 2154 951 2222 plantas

255 2220 346 2289 Norat,
359 2228 386 2274 et
398 2222 507 2275 occultae
519 2222 681 2274 committere
693 2223 792 2274 semina
803 2229 888 2291 terras,
1062 2226 1095 2279 70

256 2290 415 2359 Vicinosque
427 2298 488 2359 apte
500 2309 563 2344 cura
575 2291 728 2343 submittere
739 2292 816 2344 rivos.

256 2359 309 2412 Hic
321 2361 384 2428 olus,
397 2360 441 2412 hic
452 2361 505 2414 lnte
517 2361 658 2413 fundentes
669 2361 778 2413 brachia
789 2361 863 2429 betae,

255 2428 447 2498 Fecundusque
458 2448 551 2482 rumex
563 2431 708 2499 malvseque
719 2430 850 2500 inulaeque
862 2431 998 2486 virebant:

256 2498 309 2550 Hic
321 2501 391 2567 siser,
403 2505 431 2552 et
443 2500 523 2568 capiti
535 2517 630 2552 nomen
642 2500 765 2552 debentia
776 2518 868 2569 porra;

255 2568 308 2620 Hic
321 2569 401 2621 etiam
412 2586 526 2621 nocuum
538 2569 620 2637 capiti
632 2569 801 2637 gelidumque
812 2587 934 2638 papaver,

256 2638 389 2705 (irataque
400 2637 529 2690 nobilium
540 2639 642 2706 requies
653 2638 758 2691 lactuca
770 2639 895 2707 ciborum,

255 2706 291 2762 Ilt
302 2708 389 2775 gravis
400 2708 430 2760 in
441 2708 526 2760 latum
538 2707 649 2760 demissa
660 2708 798 2761 cucurbita
808 2716 933 2762 ventrem.

256 2774 354 2829 Verum
365 2777 409 2829 hic
420 2794 473 2830 non
485 2777 679 2849 domini-qius
690 2779 765 2833 enim
775 2779 942 2833 contuentium
946 2775 1059 2825 ’Μι-

248 2845 304 2897 Sed
308 2846 406 2914 populi
413 2855 562 2917 proventus
575 2855 652 2920 erat3
669 2850 818 2922 lionisuue
829 2846 932 2901 tieem
