2700 3242
390 306 559 361 AENEIDOS
576 305 645 359 LIB.
665 305 712 360 IV.
927 303 977 355 mo

227 413 317 480 caput,
328 411 446 478 magicas
458 411 571 463 invitam
583 409 715 476 accingier
727 411 804 460 ortes

220 486 286 533 creta
297 496 391 548 pyram
403 485 474 532 tecto
486 480 609 531 interiore
622 478 670 530 sub
683 494 760 529 auras

219 568 226 612 ;
242 556 269 601 et
281 565 354 600 arma
366 549 423 615 viri,
436 548 553 601 thalamo
565 564 624 616 quae
637 547 692 598 fixa
704 546 753 597 reli
772 545 812 597 uit

220 635 242 685 s,
255 618 417 684 exuviasque
428 634 524 684 omnes,
536 617 686 684 lectumque
695 563 821 682 jugaicm„

220 687 275 752 erii,
289 687 492 754 superimponas.
524 686 633 737 Abolerc
645 684 755 736 nefandi

220 773 234 807 a
246 755 296 807 viri
308 762 480 807 monumenta
489 754 566 824 jubet
578 760 759 821 monstratque
771 752 911 805 sacerdos.”

220 824 289 876 rffata
301 824 377 887 silet;
395 825 480 893 pallor
493 824 570 875 simul
583 829 695 890 occupat
708 839 759 875 ora.

220 910 292 944 amen
304 893 383 945 Anna
395 894 469 944 novis
482 899 626 960 praetexere
638 893 733 943 funera
745 891 824 943 sacris
924 893 975 941 500

220 979 288 1013 mam
301 962 392 1027 credit,
405 979 454 1013 nec
466 968 554 1014 tantos
566 967 656 1013 mente
667 961 768 1012 furores

220 1031 259 1097 rit,
272 1035 321 1083 out
332 1031 452 1098 graviora
464 1032 548 1099 timet,
562 1047 642 1098 quam
653 1035 737 1082 morte
750 1027 860 1098 Sychaei

220 1103 284 1153 iussa
296 1106 379 1169 parat.

220 1168 314 1236 regina,
327 1186 393 1236 pyra
405 1169 534 1236 penetrali
547 1170 575 1220 in
588 1169 648 1221 sede
660 1168 708 1220 sub
721 1184 798 1220 auras

220 1255 228 1288 ι
239 1238 340 1304 ingenti
354 1238 430 1289 taedis
442 1245 522 1306 atque
535 1239 594 1290 ilice
608 1243 685 1303 secta,

220 1306 304 1374 litque
316 1307 403 1359 locum
416 1309 498 1370 sertis,
512 1314 538 1359 et
550 1308 641 1359 fronde
654 1310 761 1358 coronat

221 1392 266 1439 ea;
285 1392 361 1444 super
373 1377 482 1428 exuvias
494 1393 633 1444 ensemque
645 1375 768 1427 relictum

220 1461 304 1513 rmque
316 1452 372 1497 toro
385 1446 461 1512 locat,
474 1446 546 1496 haud
559 1446 651 1512 ignara
662 1444 756 1496 futuri.

223 1531 275 1565 arae
288 1514 394 1581 circum,
407 1521 433 1566 et
446 1515 524 1565 erinis
537 1515 619 1566 effusa
632 1514 749 1566 sacerdos

220 1590 299 1634 >ntum
313 1589 388 1635 tonat
401 1601 443 1635 ore
456 1584 523 1650 deos,
537 1584 710 1650 Erebumque,
724 1582 865 1650 Chaosque,
923 1583 974 1634 610

220 1653 366 1719 minamque
380 1653 506 1718 Hecaten,
520 1653 572 1704 tria
584 1652 694 1719 virginis
706 1669 751 1704 ora
763 1652 863 1703 Dianae.

220 1729 269 1773 erat
281 1729 307 1772 ct
320 1722 410 1773 latices
423 1722 559 1773 simulatos
571 1722 652 1773 sontis
665 1721 778 1784 Avemi3

220 1807 255 1841 »us
267 1797 295 1842 et
306 1808 395 1841 messae
408 1791 441 1842 ad
454 1791 546 1842 lunam
559 1797 715 1858 quaeruntur
726 1789 818 1842 ahenis

220 1864 265 1910 rtes
277 1859 371 1925 herbae,
383 1860 454 1927 nigri
467 1877 526 1911 cum
539 1860 608 1911 lacte
621 1859 732 1923 venoni3

220 1934 267 1980 tur
279 1934 306 1980 et
317 1929 448 1980 nascentis
462 1930 523 1996 equi
535 1929 568 1980 de
580 1930 666 1981 fronte
678 1930 798 1980 revulsus

220 1998 259 2048 tri
271 2004 416 2066 praereptus
429 2015 508 2050 amor.

220 2066 275 2119 nola
287 2067 459 2135 manibusque
472 2068 522 2135 piis
535 2067 629 2119 alteria
637 2069 726 2135 juxta,

220 2178 223 2186 .
235 2141 317 2187 exuta
329 2137 422 2204 pedem
434 2137 535 2202 vinclis,
545 2138 573 2188 in
586 2143 658 2188 veste
669 2138 794 2203 recincta,

220 2222 255 2256 ÷ur
267 2206 394 2261 moritura
407 2205 475 2272 deos,
488 2212 514 2258 et
527 2207 630 2258 conscia
641 2207 692 2257 sati

220 2292 240 2337 .;
259 2280 324 2340 tum,
337 2275 358 2325 si
372 2275 440 2340 quod
453 2292 505 2326 non
519 2292 592 2342 [equo
604 2276 700 2326 foedere
713 2274 827 2326 amentis
923 2275 975 2326 520

219 2361 318 2394 numen
330 2343 410 2395 habet
419 2346 575 2412 justumque
587 2361 744 2411 memorque,
758 2348 886 2412 precatur.

220 2429 226 2464 ι
239 2417 303 2478 erat,
316 2418 342 2464 et
355 2413 488 2480 placidum
502 2412 644 2481 carpebant
656 2413 724 2465 fessa
736 2430 854 2480 soporem

220 2499 243 2533 ra
256 2498 302 2549 per
314 2487 403 2546 terras,
416 2483 540 2549 silvaeque
553 2488 579 2533 et
592 2499 659 2533 sorva
672 2481 795 2548 quierunt

220 2568 264 2614 ra3
283 2568 364 2618 quum
376 2553 461 2603 medic
474 2552 618 2603 volvuntur
630 2551 715 2602 sideru
727 2551 811 2619 lapsu,

232 2625 304 2672 tacet
316 2621 400 2672 omnis
412 2638 480 2687 ager,
493 2621 613 2688 pecudea
626 2621 756 2688 pictaeque
768 2620 893 2687 volucres,

220 2706 249 2741 ue
261 2690 334 2740 lacus
347 2689 400 2741 late
412 2689 532 2757 liquidos,
546 2706 656 2758 quaeque
668 2706 760 2759 aspera
772 2689 861 2741 dumis

220 2763 314 2823 tenent,
327 2775 416 2811 somno
426 2759 520 2827 positae
534 2759 584 2815 sub
596 2766 678 2817 nocte
690 2760 806 2817 siientit

220 2830 267 2876 snt
277 2841 359 2891 curas,
373 2834 403 2881 et
415 2832 497 2889 corda
509 2831 599 2893 oblita
611 2833 771 2910 lahommh
