2700 3242
267 319 320 370 380
500 316 529 369 P.
548 312 704 368 VIRGILH
722 310 884 364 MARONIS

267 421 350 474 Edita
360 436 494 490 purpureo
505 418 596 470 lucens
608 415 760 470 maculatur
770 413 878 481 amictu,
1067 413 1119 466 17¹)

267 490 438 558 Aspectuque
450 489 551 541 micant
563 486 728 540 flammantia
739 485 843 537 lumina
854 489 936 537 torvo.

267 557 390 612 Metabat
401 558 456 610 lete
468 558 568 610 circum
579 557 644 623 loca,
657 573 740 624 quum
751 555 826 608 videt
837 555 931 622 ingens
980 586 982 591 ,

267 626 417 682 Adversum
428 626 554 679 recubare
565 626 659 678 ducem
671 626 765 692 gregis.
795 625 888 677 Acrior
899 624 983 676 instet

268 695 383 749 Isumina
395 696 546 748 diffrmdens
558 695 703 762 intendere,
716 701 743 748 et
755 695 832 748 obvia
844 699 919 747 torvo

268 764 370 834 Saepius
383 764 510 834 arripiens
522 764 674 833 infringere,
686 765 757 833 quod
769 782 817 817 sua
829 765 969 833 quisquam

267 833 311 888 Ad
323 835 392 888 vada
403 835 533 888 venisset:
551 839 655 887 natura
667 841 803 902 comparat
815 851 906 898 arms3

268 903 353 956 Ardet
364 910 461 970 mente,
472 903 540 955 furit
552 903 715 970 stridoribus,
728 904 833 956 intonat
846 920 907 968 ore;

268 971 395 1025 Floribus
408 973 503 1026 eversis
515 977 654 1040 torquetur
666 974 781 1041 corporis
794 973 882 1036 orbes;

268 1040 382 1095 Menant
395 1041 545 1110 sanguineae
558 1060 606 1110 per
617 1047 721 1095 tractus
732 1043 852 1111 undique
864 1045 958 1110 guttae,

268 1110 382 1179 Spiritus
394 1117 422 1163 et
434 1111 535 1179 rumpit
546 1112 644 1164 fauces.
676 1112 725 1164 oui
738 1118 834 1165 cuncta
846 1113 952 1180 paranti
1066 1112 1119 1165 1⁸0

268 1178 399 1233 Parvulus
411 1181 483 1232 hunc
495 1181 566 1248 prior
577 1181 695 1233 humoris
707 1187 838 1234 conterret
850 1180 982 1250 alumnus,

268 1249 305 1303 Et
315 1255 426 1302 mortem
438 1250 522 1303 vitare
534 1255 624 1303 monet
655 1268 684 1303 er
695 1251 836 1304 acumina:
853 1268 970 1319 namque

269 1318 328 1382 Qua
340 1319 450 1372 diducta
461 1337 542 1387 genas
554 1269 708 1389 pandebant
719 1320 822 1373 lumina
833 1321 951 1389 gemmis,

268 1388 328 1441 Hac
340 1389 448 1441 senioris
459 1392 516 1441 erat
528 1396 631 1442 naturae
644 1389 754 1458 pupula,
766 1390 819 1442 telo

269 1456 327 1509 Icta
339 1458 398 1511 levi.
429 1458 497 1510 Tum
510 1459 632 1527 prosiluit
644 1458 811 1525 furibundus,
824 1464 851 1512 et
863 1459 941 1512 illum

269 1526 404 1580 Obtritum
415 1528 494 1580 morti
506 1528 596 1581 misit:
615 1528 658 1581 cui
670 1528 779 1580 dissitus
791 1529 876 1580 omnis

268 1596 381 1665 Spiritus
394 1596 505 1648 excessit
518 1614 615 1650 sensus.
645 1598 714 1649 Tum
726 1603 802 1650 torva
813 1602 950 1652 tenentem

268 1665 382 1718 Lumina
393 1667 509 1734 respexit
522 1672 669 1734 serpentem
682 1667 816 1720 cominus:
834 1667 896 1720 inde

268 1735 392 1803 Impiger,
406 1735 542 1802 exanimis,
555 1737 600 1788 vix
614 1753 719 1804 compos
730 1743 826 1803 mente,
838 1737 947 1804 refugit,

266 1803 303 1856 Et
315 1805 433 1857 validum
446 1805 540 1857 dextra
551 1810 677 1857 truncum
690 1805 807 1857 detraxit
819 1805 852 1858 ab
865 1824 945 1860 orno:
1064 1808 1117 1860 190

269 1874 319 1937 Qui
334 1892 409 1926 casus
422 1874 530 1926 sociaret
543 1893 626 1942 opem,
638 1892 771 1928 numenve
782 1876 905 1928 Deorum.

267 1942 388 2012 Namque
400 1944 440 1995 illi
453 1944 588 1996 dederitne
601 1945 671 1996 viam
684 1961 799 2010 casusve,
812 1945 916 2011 deusve,

267 2012 380 2066 Prodere
393 2013 427 2065 sit
439 2013 565 2066 dubium:
584 2013 667 2065 voluit
681 2013 725 2064 sed
737 2014 841 2066 vincere
853 2013 920 2066 tales

267 2081 383 2135 Horrida
395 2084 525 2153 squamosi
537 2083 671 2135 volventia
683 2082 801 2134 membra
812 2084 949 2137 draconis:

267 2151 355 2218 Atque
367 2151 522 2204 reluctantis
535 2153 630 2204 crebris
642 2152 762 2221 foedeque
774 2153 889 2220 petentis

267 2220 368 2273 Ictibus
381 2238 438 2273 ossa
450 2222 519 2285 ferit,
532 2221 645 2289 cingunt
657 2239 711 2289 qua
723 2227 842 2290 tempora
854 2222 960 2286 cristae3

266 2289 302 2342 Et
315 2289 384 2358 quod
397 2295 453 2342 erat
465 2291 565 2357 tardus,
578 2291 662 2343 somni
675 2291 802 2358 languore
814 2298 921 2359 remoto,

267 2358 376 2412 Nescius
388 2360 524 2428 aspiciens,
537 2361 616 2412 timor
628 2360 806 2413 obcaecaverat
818 2367 908 2413 artus:

266 2428 325 2481 Hoc
336 2430 425 2481 minus
437 2429 571 2497 implicuit
583 2430 640 2481 dira
652 2431 793 2483 formidine
805 2436 928 2484 mentem.

267 2499 351 2561 Quem
363 2505 503 2566 postquam
515 2500 583 2552 vidit
596 2517 693 2551 cresum
704 2501 880 2567 languescere,
894 2500 970 2554 sedit.
1064 2504 1116 2558 200

300 2569 365 2619 Jam
377 2569 464 2633 quatit
477 2574 503 2619 et
515 2569 617 2636 bijuges
629 2570 714 2621 oriens
728 2570 811 2622 Erebo
825 2570 861 2622 cit
874 2587 953 2638 equos
966 2570 1037 2639 Nox,

255 2636 296 2693 Et
306 2638 387 2711 piger
398 2643 493 2693 aurato
505 2639 623 2710 procedit
635 2639 735 2707 Vesper
747 2639 780 2690 ab
794 2640 867 2696 OEta,

248 2712 345 2778 Quum
359 2733 445 2787 grege
460 2711 599 2786 compuiso
610 2716 712 2781 pastor,
722 2708 1035 2776 dupixcsuu'xbusumbris,

242 2783 339 2854 Vadit,
348 2797 380 2847 et
393 2791 422 2847 in
438 2791 528 2846 fessos
542 2784 671 2857 requiem
681 2782 748 2835 dare
758 2779 987 2839 comparabuntur.

228 2858 324 2937 Cujus
341 2872 380 2924 ut
392 2867 525 2925 intravit
538 2861 632 2919 levior
646 2873 696 2928 per
710 2861 826 2916 corpora
835 2851 955 2896 semus,
