2700 3242
503 308 669 362 AENEIDOS
687 309 753 362 ΠΒ.
772 308 819 362 ΧΙ.
1038 311 1089 360 325

243 415 382 468 Finitimos
395 415 493 469 tollunt
504 416 534 467 in
546 432 629 483 agros,
641 415 754 482 urbique
766 416 925 469 remittunt:

242 485 340 552 Cetera,
354 486 522 554 confusaeque
534 485 670 552 ingentem
683 485 761 536 coedis
774 501 905 551 acervum,

241 555 297 607 Nec
308 572 417 607 numero
429 572 478 607 nec
490 556 587 606 honore
599 560 735 615 cremant3
752 558 818 605 tunc
831 554 947 622 undique
959 552 1029 607 rasti

242 624 370 676 Certatim
381 625 478 676 crebris
490 624 622 676 collucent
634 622 740 689 ignibus
752 623 816 689 egri.

242 693 332 745 Tertia
343 694 391 746 lux
404 693 519 760 gelidam
531 691 595 744 coelo
608 691 754 743 dimoverat
765 692 902 745 umbram:
1037 693 1089 742 210

242 762 384 815 Maerentes
396 763 481 815 altum
494 762 609 814 cinerem
621 765 648 812 et
660 762 770 813 confusa
781 761 894 813 ruebant

243 832 308 885 Ossa
320 831 391 897 focis,
404 831 546 900 tepidoque
558 829 703 882 onerabant
714 847 809 897 aggere
823 836 906 883 tcrrae.

243 902 263 954 J
264 919 308 953 am
319 918 380 953 vero
392 901 421 952 in
433 900 510 953 tectis
523 900 668 969 praedivitis
682 898 746 950 urbe
759 900 847 951 bacini

244 970 398 1038 Praecipuus
409 970 504 1037 fragor,
517 975 544 1021 ct
556 969 629 1036 longi
640 986 701 1036 pars
712 970 830 1020 maxima
841 969 938 1021 luctus.

245 1039 414 1105 Hicmatres,
426 1039 578 1106 miseraeque
590 1055 681 1105 nurus,
693 1038 737 1090 hic
750 1055 810 1089 cara
822 1055 939 1090 sororum

244 1108 356 1161 Pectora
367 1116 530 1175 maerentum,
543 1108 670 1176 puerique
683 1107 835 1176 parentibus
848 1107 912 1173 orbi,

244 1178 341 1231 Dirum
353 1182 524 1230 exsecrantur
535 1177 635 1228 bellum
647 1176 782 1243 Turnique
794 1177 961 1243 hymenoeos3

246 1247 338 1316 Ipsum
350 1247 436 1314 armis,
449 1247 588 1314 ipsumque
597 1246 694 1313 jubent
706 1246 844 1297 decernere
856 1246 933 1309 ferro,

247 1316 300 1380 Qui
311 1333 423 1385 regnum
435 1315 524 1368 Italiae
536 1321 563 1367 et
575 1315 672 1383 primos
685 1314 734 1366 sibi
746 1319 836 1382 poscat
848 1314 966 1367 honores.

248 1387 375 1453 Ingravat
386 1386 444 1437 haec
456 1401 540 1437 saevus
552 1385 675 1449 Drances,
689 1384 826 1450 solumque
837 1382 925 1435 vocari
1039 1383 1090 1432 220

247 1455 377 1520 Testatur,
390 1454 475 1506 solum
487 1454 558 1522 posci
569 1454 598 1505 in
611 1453 755 1505 certamina
768 1453 893 1504 Turnum

247 1523 337 1576 Multa
349 1523 429 1576 simul
440 1529 531 1575 contra
542 1523 622 1574 variis
635 1523 768 1574 sententia
779 1521 857 1574 dictis

248 1592 300 1645 Pro
312 1593 418 1656 'luruo;
436 1597 464 1644 et
475 1609 603 1659 magnum
614 1592 712 1658 reginae
724 1608 820 1643 nomen
832 1589 970 1643 obumbrat
980 1606 988 1655 3

248 1660 338 1714 Multa
349 1662 437 1714 virum
448 1661 548 1713 meritis
561 1666 692 1713 sustentat
704 1661 776 1712 fama
786 1660 897 1729 tropaeis.

285 1731 341 1784 Hos
353 1730 423 1783 inter
433 1735 529 1797 motus,
541 1729 627 1782 medio
639 1730 668 1781 in
680 1730 808 1796 flagrante
819 1729 948 1797 tumultu,

249 1799 325 1867 Ecce,
338 1817 416 1868 super
427 1800 513 1851 maesti
525 1816 622 1867 magna
634 1799 769 1851 Diomedis
781 1799 814 1852 ab
825 1799 890 1851 urbe

250 1868 344 1937 Legati
355 1886 478 1937 responsa
489 1869 594 1921 ferunt:
612 1868 681 1920 nihil
693 1869 813 1920 omnibus
825 1875 915 1921 actum

250 1939 396 1992 Tantorum
407 1938 532 2006 impensis
545 1955 669 2006 operum;
688 1938 727 1988 nil
739 1937 814 2002 dona,
826 1954 912 2005 neque
924 1951 1024 2000 aurum,

250 2008 307 2061 Nee
318 2024 428 2075 magnas
439 2007 553 2059 valuisse
564 2023 653 2075 preces
663 2024 670 2070 ;
688 2006 742 2058 alia
753 2023 826 2058 arma
837 2005 939 2058 Latinis

251 2077 406 2143 Qisoerenda,
418 2081 467 2129 aut
497 2093 570 2128 acem
582 2076 693 2144 Trojano
705 2074 739 2127 ab
751 2092 812 2142 rege
824 2074 973 2145 petendam.
1042 2073 1094 2124 230

250 2146 348 2200 Deficit
360 2146 389 2197 in
408 2145 464 2197 enti
475 2094 551 2197 lirctu
562 2162 610 2197 rex
622 2145 678 2213 ipse
690 2144 808 2196 Latinus.

251 2214 373 2268 Fatalem
418 2231 487 2266 nean
498 2214 638 2266 manifesto
650 2213 759 2265 numine
771 2213 841 2280 ferri,

251 2285 384 2337 Admonet
395 2284 436 2335 ira
448 2283 535 2350 desim,
547 2283 697 2350 tumulique
709 2287 771 2334 ante
784 2299 829 2334 ora
839 2285 965 2336 recentes.

251 2352 322 2420 Fugo
334 2352 476 2404 concilium
487 2369 622 2419 magnum,
635 2352 784 2420 primosque
796 2368 903 2403 suorum

252 2422 367 2490 Imperio
379 2422 483 2488 accitos,
496 2421 551 2474 alta
563 2421 634 2472 intra
646 2421 739 2473 limina
751 2421 828 2486 cogit.

253 2491 307 2545 Olli
319 2508 470 2557 convenere,
482 2490 623 2557 fluuntque
635 2490 668 2542 ad
681 2491 754 2557 regia
765 2490 850 2558 plenis

197 2568 199 2581 '
252 2561 335 2613 {lecta
346 2561 403 2613 viis.
439 2559 518 2613 Sedet
530 2560 559 2611 in
570 2559 664 2611 mediis
676 2563 704 2610 et
715 2559 847 2611 maximus
860 2574 923 2623 aevo,

252 2629 289 2684 Et
301 2629 402 2699 primus
414 2629 530 2697 sceptris,
542 2628 614 2680 haud
626 2629 690 2680 laeta
700 2629 794 2693 fronte,
807 2627 923 2679 Latinus

254 2701 341 2768 Atque
353 2698 397 2750 hic
408 2697 509 2765 legatos
523 2697 611 2750 AEtola
623 2715 657 2751 ex
668 2698 735 2751 urbe
745 2697 880 2763 remissos,

255 2769 319 2832 Qua
328 2767 449 2833 referant,
461 2767 515 2819 fari
519 2767 609 2837 jubet,
622 2774 651 2824 et
663 2787 796 2842 responsa
806 2765 931 2840 reposcit
1076 2753 1141 2804 ‘m

242 2835 341 2886 Ordine
351 2839 451 2887 ennete
460 2849 515 2892 sus
553 2838 631 2896 {lum
639 2842 725 2900 faeta
738 2835 1000 2908 messuimus
