2700 3242
258 324 311 376 232
489 324 519 378 P.
538 324 692 377 VIRGILII
711 322 873 375 MARONIS

259 419 398 471 Auruncos
409 419 449 472 ita
460 420 527 472 ferre
540 438 619 486 senes,
632 420 674 471 his
688 426 760 471 ortus
772 424 804 470 ut
816 418 887 486 agris

259 487 399 540 Dardanus
412 490 495 542 Idaeas
508 490 630 557 Phrygiae
642 491 787 558 penetrarit
799 488 833 540 ad
845 487 931 554 urbes,

260 557 462 626 Threiciamque
475 560 590 625 Samum,
603 576 661 626 quae
673 575 745 609 nunc
758 557 939 609 Samothracia
950 556 1021 609 fertu

260 625 332 678 Hinc
344 627 421 679 illum
434 629 542 696 Corythi
551 628 687 694 Tyrrhena
699 627 732 678 ab
745 627 804 678 sede
816 626 965 694 profectum

259 694 348 749 Aurea
360 714 431 749 nunc
444 699 507 750 solio
519 697 649 750 stellantis
661 697 735 763 regia
747 696 805 747 coeli

260 764 374 832 Accipit,
385 772 413 816 et
424 782 563 817 numerum
576 764 697 815 divorum
709 762 837 815 altaribus
848 761 949 816 addit.”

295 833 414 886 Dixerat.
451 833 486 885 Et
499 833 571 884 dicta
584 833 702 884 Ilioneus
715 833 751 885 sic
763 848 826 884 voce
838 837 959 886 secutus:

260 904 276 932 “
285 903 350 968 Rex,
382 919 447 954 enus
459 903 595 969 egregium
608 902 702 967 Fauni,
715 918 764 952 nee
775 900 900 952 fiuctibus
912 906 987 953 actos
1014 911 1017 917 ’

260 966 328 1019 Atra
340 984 371 1019 su
404 968 444 1035 git
456 969 539 1020 hiems
551 967 644 1019 vestris
657 968 796 1018 succedere
807 968 891 1035 terris,

260 1035 287 1089 N
288 1053 317 1087 ec
330 1036 401 1088 sidus
413 1038 518 1104 regione
530 1037 580 1088 viae
592 1036 690 1088 litusve
701 1036 814 1089 fefellit:

261 1105 374 1158 Consilio
386 1106 454 1158 hanc
467 1122 555 1157 omnes
568 1106 716 1172 animisque
727 1104 876 1158 volentibus
888 1104 981 1158 urbem

261 1174 410 1242 Afferimur,
424 1175 495 1245 pulsi
507 1175 601 1242 regnis,
614 1191 673 1242 quae
686 1175 803 1227 maxima
815 1175 948 1242 quondam

260 1241 387 1297 letremo
399 1245 506 1298 veniens
519 1244 562 1296 Sol
574 1242 718 1312 aspiciebat
731 1245 849 1314 Olympo.

260 1311 304 1366 Ab
315 1314 383 1366 Jove
395 1314 554 1382 principium
565 1314 667 1381 generis
677 1332 685 1378 3
703 1314 771 1367 Jove
782 1315 907 1367 Dardana
918 1314 1002 1383 pubes

262 1382 366 1435 Gaudet
378 1401 442 1436 avo:
462 1384 519 1435 Rex
531 1384 594 1451 ipse,
604 1383 624 1435 J
625 1383 680 1435 ovis
693 1384 725 1436 de
737 1390 816 1451 gente
829 1401 959 1453 suprema,

261 1451 355 1505 Troius
367 1452 464 1505 AEneas
476 1459 524 1506 tua
535 1471 582 1505 uos
594 1453 629 1504 ad
641 1453 735 1505 limina
746 1455 827 1506 misit.

262 1521 369 1585 Quanta
380 1540 427 1590 per
438 1522 521 1575 Idaeos
533 1523 608 1575 saevis
620 1523 703 1574 effusa
714 1524 834 1590 Mycenis

261 1591 413 1659 Tempestas
425 1592 485 1643 ierit
497 1610 601 1660 campos
612 1611 619 1656 ;
637 1592 731 1661 quibus
744 1601 819 1644 actus
831 1597 943 1661 uterque

261 1659 374 1728 Europa
386 1667 466 1728 atque
478 1661 548 1714 Asioe
560 1662 623 1714 fatis
635 1663 796 1714 concurrerit
808 1662 892 1715 orbis:

261 1728 364 1796 Audiit,
376 1735 403 1782 et
416 1731 437 1782 si
450 1749 529 1798 quem
540 1731 620 1783 tellus
633 1737 751 1783 extrema
762 1733 850 1783 refuso

262 1797 405 1852 Submovet
418 1801 528 1868 Oceano,
540 1807 568 1852 et
580 1801 602 1851 si
614 1818 693 1868 quem
706 1808 814 1852 extenta
826 1800 966 1868 plagarum

263 1867 383 1931 Quatuor
394 1870 423 1920 in
435 1871 521 1922 medio
534 1870 635 1922 dirimit
647 1870 727 1938 plaga
740 1871 806 1923 Solis
818 1871 912 1937 iniqui

261 1934 369 1990 Diluvio
382 1956 415 1990 ex
428 1939 473 1991 illo
486 1945 526 1991 tot
539 1944 613 1990 vasta
625 1957 672 2007 per
685 1957 790 2008 aequora
802 1940 872 1992 vecti

259 2005 310 2058 Dis
323 2008 409 2059 sedem
422 2009 546 2076 exiguam
558 2009 651 2076 patriis
663 2009 779 2076 litusque
791 2026 913 2076 rogamus

262 2074 418 2145 Innocuum,
427 2084 454 2130 et
464 2079 565 2130 cunctis
578 2078 729 2146 undamque
741 2095 885 2146 auramque
897 2084 1021 2146 patenter

261 2145 322 2197 Non
334 2146 431 2198 erimus
442 2165 523 2214 regno
535 2147 682 2200 indecores:
700 2165 748 2199 nec
760 2154 848 2200 vestra
860 2148 960 2200 feretur

261 2213 345 2266 Fama
356 2215 429 2283 levis,
442 2217 543 2269 tantive
555 2215 685 2269 abolescet
696 2217 783 2284 gratia
794 2217 877 2279 facti;

261 2282 288 2336 N
288 2301 317 2336 ec
329 2284 434 2353 Trojam
448 2285 576 2338 Ausonios
588 2286 687 2353 gremio
700 2287 831 2354 excepisse
843 2285 952 2354 pigebit.

261 2352 330 2406 Fata
342 2372 389 2422 per
400 2354 490 2407 AEnete
499 2356 568 2422 juro,
581 2356 753 2423 dextramque
765 2361 908 2423 potentem,

262 2422 323 2475 sive
334 2423 393 2490 fide,
407 2441 453 2476 seu
465 2425 523 2492 quis
535 2423 603 2476 bello
615 2431 655 2476 est
667 2431 792 2492 expertus
805 2430 832 2476 et
843 2425 937 2487 armis;

261 2491 344 2544 Multi
356 2510 403 2544 nos
414 2493 513 2561 populi,
526 2494 687 2545 multae—ne
699 2501 794 2559 temne,
807 2494 877 2561 quod
888 2493 960 2545 ultro

261 2560 429 2613 Praeferimus
440 2562 562 2614 manibus
573 2564 655 2614 vittas
668 2581 699 2615 ac
711 2563 790 2614 verba
802 2563 974 2631 precantia-

261 2629 297 2682 Et
309 2631 408 2698 petiere
420 2631 469 2683 sibi
482 2637 508 2683 et
520 2632 625 2684 voluere
637 2633 782 2699 adjungere
793 2638 892 2698 gentes.

258 2698 311 2752 Sed
323 2717 372 2752 nos
383 2701 441 2753 fata
453 2700 532 2752 deum
543 2708 642 2753 vestras
655 2702 791 2769 exquirere
804 2707 886 2752 terras

244 2769 376 2842 Imperiis
388 2789 469 2844 egere
480 2772 545 2829 suis.
576 2771 651 2828 Hinc
660 2771 806 2826 Dardanus
816 2777 906 2822 extuat

203 2872 211 2927 l
228 2838 429 2919 ΗΠθῙθΡθῧῘθ,
438 2848 584 2923 jussisque
597 2842 762 2918 ingentibus
771 2845 855 2907 urget
868 2836 961 2903 Apollo
