2700 3242
491 310 660 366 AENEIDOS
678 310 746 366 nm.
764 309 811 364 IX.
1034 313 1086 364 289

240 416 357 482 Portam,
370 431 428 482 quae
441 414 516 466 ducis
527 412 637 482 imperio
650 412 795 479 commissa,
806 413 948 467 recludunt

240 485 315 537 Freti
326 485 414 550 armis,
426 484 548 551 ultroque
560 483 677 535 invitant
689 482 818 533 moenibus
831 482 939 538 hostem.

241 554 298 622 Ipsi
309 555 383 606 intus
395 553 489 605 dextra
500 569 531 605 ac
544 552 611 604 loeva
623 568 670 619 pro
682 551 798 604 turribus
810 553 918 605 adstant

241 624 346 675 Armati
358 623 434 687 ferro,
447 629 474 674 et
486 622 572 674 cristis
585 622 673 689 capita
685 620 741 672 alta
753 622 853 672 corusci
863 640 871 686 ;

242 693 339 756 Quales
351 693 429 744 adriae
441 691 572 759 liquentia
584 691 694 742 flumina
706 691 813 757 circum,

240 761 303 814 Sive
315 761 382 813 Padi
393 761 458 830 ripis
471 760 592 813 Athesim
605 776 651 811 seu
663 769 771 827 propter
783 778 924 829 amoeuum,
1038 765 1088 817 680

241 831 411 898 Consurgunt
422 831 534 898 gemina*
547 846 664 897 quercus,
676 830 835 896 intonsaque
847 831 912 883 coelo

241 900 379 952 Attollunt
391 900 487 968 capita,
500 906 527 951 et
540 899 646 950 sublimi
659 899 757 950 vertice
769 906 875 952 nutant.

242 969 408 1038 irrumpunt,
420 969 509 1022 aditus
523 968 617 1020 Rutuli
631 977 661 1019 ut
674 968 763 1020 videre
776 978 903 1036 patentes.

243 1039 376 1091 Continuo
388 1039 527 1103 Quercens,
540 1044 567 1089 et
579 1037 689 1105 pulcher
702 1038 844 1105 Aquicolus
856 1040 943 1106 armis,

242 1107 280 1160 Et
291 1124 407 1177 praeceps
419 1107 502 1159 animi
514 1107 630 1172 Tmarus,
643 1114 671 1158 et
683 1106 831 1160 Mavortius
844 1108 962 1177 llaemon,

243 1177 401 1244 Agminibus
414 1177 477 1229 totis
489 1183 537 1228 aut
549 1176 616 1229 versi
629 1182 704 1243 terga
716 1177 818 1244 dedere,

243 1247 301 1298 Aut
313 1247 369 1314 ipso
381 1253 464 1314 portae
476 1263 585 1314 posuere
597 1245 624 1296 in
637 1245 729 1297 limine
741 1246 831 1300 vitam.

244 1315 314 1368 Tum
325 1316 409 1382 magis
422 1316 571 1367 increscunt
583 1315 679 1366 animis
691 1314 853 1368 discordibus
865 1316 919 1386 irae,

244 1384 282 1436 Et
290 1387 347 1453 jam
359 1384 463 1437 collecti
475 1384 552 1436 Troes
564 1384 744 1452 glomerantur
756 1386 854 1452 eodem,

245 1453 282 1506 Et
294 1454 411 1506 conferre
423 1471 532 1505 manum
545 1463 572 1506 et
583 1471 735 1521 procurrere
747 1453 852 1524 longius
864 1456 972 1512 audent.
1041 1463 1091 1512 690

281 1522 392 1575 Ductori
406 1523 501 1588 Turno,
514 1523 617 1574 divorsa
629 1523 656 1573 in
669 1530 744 1591 parte
757 1524 857 1576 furenti

245 1591 428 1660 Turbautique
440 1593 516 1658 viros,
529 1592 659 1660 perfertur
672 1593 792 1658 nuncius,
805 1594 907 1646 hostem

246 1660 358 1714 Fervere
370 1661 440 1714 oaeda
452 1679 527 1728 nova,
540 1668 567 1714 et
579 1672 668 1730 portas
681 1662 796 1730 praebere
808 1673 936 1732 patentes.

247 1729 352 1784 Deserit
364 1730 507 1800 inceptum,
520 1738 599 1800 atquc
612 1730 722 1783 immani
735 1732 853 1785 concitus
865 1735 905 1786 ira

245 1799 411 1854 Dardaniam
422 1800 477 1852 ruit
490 1800 523 1853 ad
536 1807 640 1869 portam
651 1802 799 1869 fratresque
812 1804 951 1872 superbos:

246 1869 283 1924 Et
295 1869 411 1938 primum
423 1869 595 1939 Antiphaten,
608 1870 631 1921 is
643 1871 714 1921 enim
726 1888 753 1922 se
765 1873 866 1940 primus
878 1874 981 1943 agebat,

247 1938 374 1992 Thebana
385 1939 418 1991 de
429 1945 514 1992 matra
526 1939 638 1991 nothum
651 1938 808 2008 Sarpedonis
820 1942 877 2009 alti,

249 2008 373 2076 (lonjecto
385 2008 479 2062 sternit
487 2008 594 2076 jaculo:
612 2008 685 2061 volat
697 2009 768 2061 ltala
780 2028 874 2064 cornus

247 2077 321 2130 Adra
332 2083 519 2146 pertenuem,
531 2078 716 2146 stomachoque
728 2078 813 2132 infixa
824 2082 873 2133 sub
885 2081 970 2135 altum

247 2145 346 2199 Pectus
358 2145 414 2199 abit
424 2165 432 2211 3
449 2147 537 2200 reddit
549 2164 641 2215 specus
653 2148 706 2200 atri
718 2149 834 2201 vulneris
846 2152 946 2204 undam
1045 2154 1095 2207 700

248 2215 430 2284 Spumantem,
443 2222 470 2269 et
482 2216 535 2270 fixo
547 2217 647 2268 ferrum
659 2217 688 2269 in
700 2218 824 2286 pulmone
837 2223 955 2289 tepescit.

248 2284 481 2406 l'umAllllpiqopem
508 2292 589 2356 atque
617 2286 765 2356 Erymanta
792 2306 882 2358 manu,
911 2298 969 2343 tum
1001 2293 1095 2346 sternit

343 2370 362 2423 P
409 2373 491 2420 ΜΠ

249 2424 319 2478 uum
331 2425 421 2477 Bitian
433 2425 570 2478 ardentem
582 2424 672 2493 oculis,
685 2426 831 2496 animisque
843 2428 1007 2497 frementem,

249 2494 310 2548 Non
318 2493 529 2564 jaculo—neque
541 2495 612 2546 enim
621 2495 711 2562 jaculo
724 2497 807 2549 vitam
818 2498 864 2550 illa
877 2499 1026 2552 dedisset-

250 2562 302 2617 Sed
313 2580 442 2632 magnum
454 2564 567 2617 stridens
579 2571 700 2617 contorta
711 2566 846 2633 phalarica
858 2569 939 2635 venit,

250 2633 382 2685 Fulminis
394 2641 454 2686 aeta
466 2634 542 2686 modo
552 2651 558 2685 z
577 2650 656 2700 quam
668 2652 717 2686 nec
729 2635 781 2688 duo
794 2643 887 2689 taurea
898 2644 981 2706 terga,

251 2702 306 2756 Nec
318 2702 421 2771 duplici
434 2720 445 2754 s
464 2720 543 2754 uama
555 2701 635 2755 lorica
647 2704 732 2756 fidelis
745 2711 773 2757 et
785 2721 851 2758 auro

251 2771 386 2826 Sustinuit
393 2791 403 2836 ,·
422 2721 535 2842 collapsa
546 2779 632 2829 ruunt
644 2773 780 2832 immania
789 2774 929 2832 memora.

197 2854 199 2869 ¹
243 2839 300 2894 Dat
311 2839 391 2893 tellus
397 2843 541 2916 gemitum,
555 2852 583 2904 et
596 2846 727 2924 clipeum
737 2869 825 2928 super
837 2845 1105 2910 mundanam*-
