2700 3242
339 268 391 324 '236
569 269 598 322 P.
617 268 775 322 VIRGlIdI
794 267 957 322 MARONIS

339 369 390 421 Ille
402 368 471 421 inter
482 372 567 421 vestes
579 373 606 420 et
617 367 688 420 levia
699 374 805 436 pectora
815 367 905 436 lapsus

340 437 464 490 Volvitur
475 443 580 490 attactu
590 436 673 503 nullo,
684 437 808 505 fallitque
819 437 959 504 furentem,

340 506 480 575 Vipeream
492 506 622 575 inspirans
635 507 751 557 animam
762 525 769 569 ;
786 505 818 557 fit
830 505 919 558 tortile
931 505 999 559 collo

340 575 443 628 Aurum
455 576 549 643 ingens
561 573 673 640 coluber,
686 575 718 626 fit
730 574 814 641 longae
827 576 908 627 taenia
919 575 1002 642 viltro,

341 644 511 713 Innectitque
523 661 616 711 comas,
629 650 656 696 et
667 642 791 695 membris
803 643 920 694 lubricus
932 650 1011 697 errat.

340 714 380 767 Ac
392 714 456 766 dum
468 714 554 782 prima
565 713 622 764 lues
634 712 687 764 udo
699 712 822 781 sublapsa
833 730 934 764 veneno

342 783 480 836 Pertentat
492 799 589 849 sensus,
601 787 682 850 atque
694 781 794 832 ossibus
807 781 926 849 implicat
938 782 1039 850 ignem,

340 852 462 905 Necdum
473 851 576 903 animus
588 856 644 903 toto
657 850 774 919 percepit
786 858 890 918 pectore
901 850 1054 905 flammam:

340 921 456 987 Mollior,
468 925 496 973 et
507 920 583 972 solito
594 925 711 971 matrum
723 920 756 971 de
767 937 845 985 more,
858 919 947 972 locuta
958 925 1007 988 est,

340 989 429 1043 Multa
441 1007 472 1042 su
491 1007 519 1042 er
531 995 595 1040 nata
606 988 746 1040 lacrimans
759 988 934 1056 Phrygiisque
946 989 1110 1057 hymenaeis:

372 1059 388 1087 “
396 1007 573 1110 Exsuiihusne
585 1057 665 1110 datur
677 1057 799 1111 ducende
810 1058 923 1111 Lavinia
934 1058 1050 1126 Teucris,

342 1123 498 1192 Ogenitorl
515 1140 565 1176 nec
577 1124 722 1176 temiseret
733 1130 855 1193 nataeque
867 1125 980 1193 tuique?
1135 1131 1145 1181 l

341 1194 397 1249 Nec
408 1193 500 1246 matris
512 1193 626 1261 miseret,
638 1210 719 1261 quam
732 1194 815 1261 primo
827 1194 950 1262 aquilone
961 1194 1098 1264 relinquet

342 1262 467 1329 Perfidus,
480 1262 536 1316 alte
547 1267 639 1332 petens
651 1262 767 1314 abducta
778 1263 881 1329 virgine
893 1263 1002 1331 praedol

342 1332 380 1385 At
390 1349 444 1384 non
456 1332 493 1384 sic
505 1332 637 1400 Phrygius
650 1337 772 1400 penetrat
784 1331 972 1385 Lecedaemona
984 1339 1083 1402 pastor,

342 1401 515 1470 Ledaeaer
528 1401 658 1453 Helenam
670 1401 795 1468 Trojenas
807 1402 881 1454 vexit
892 1401 927 1453 ad
939 1401 1024 1456 urbes

343 1471 413 1536 Quid
425 1475 473 1523 tua
485 1476 576 1523 sancta
587 1470 651 1522 fides
661 1469 671 1523 i
691 1470 754 1538 quid
766 1487 830 1522 cura
841 1471 952 1538 antique
964 1477 1081 1540 tuorum,

342 1540 379 1593 Et
391 1540 583 1608 consanguineo
595 1539 673 1592 toties
685 1539 749 1591 date
760 1539 869 1591 dextera
881 1539 989 1593 Turno?

344 1609 372 1663 Si
384 1626 464 1678 gener
476 1615 585 1661 externa
596 1609 699 1677 petitur
710 1609 742 1660 de
754 1614 834 1675 gente
846 1608 955 1675 Latinis,

219 1738 222 1749 Ι
344 1679 429 1747 quue
441 1679 521 1745 sedet,
535 1679 671 1746 Faunique
685 1683 809 1746 premunt
820 1685 847 1730 te
856 1680 930 1746 jussa
942 1679 1076 1747 parentis:

218 1754 222 1761 '
344 1747 455 1801 Omnem
467 1747 588 1816 equidem
601 1748 709 1815 sceptris
722 1755 818 1800 terram
831 1765 890 1815 quoe
902 1748 985 1802 libera
996 1750 1095 1802 nostris

343 1817 468 1885 Dissidet,
480 1824 616 1870 externam
628 1834 693 1883 reor,
705 1822 733 1869 et
745 1817 781 1868 sic
794 1816 880 1869 dicere
893 1818 973 1871 divos.

343 1886 380 1939 Et
392 1887 487 1954 Turno,
500 1888 522 1939 si
535 1887 619 1956 prima
631 1886 724 1938 domus
736 1892 871 1955 repetatur
884 1887 962 1954 origo,

344 1956 460 2010 Inachus
472 1957 640 2023 Acrisiusque
652 1962 747 2023 patres,
759 1956 904 2024 mediaeque
916 1954 1063 2024 Mycenae.''

379 2026 430 2078 His
442 2026 489 2078 ubi
501 2025 680 2094 nequidquam
692 2025 770 2077 dictis
783 2033 898 2094 experta,
911 2026 1039 2078 latinum

217 2133 222 2163 ς
344 2095 442 2148 Contra
454 2101 522 2148 sture
534 2095 614 2158 videt,
627 2095 785 2162 penitusque
796 2095 826 2146 in
837 2095 937 2148 viscera
949 2095 1054 2162 lapsum

218 2166 221 2179 '
344 2164 478 2233 Serpentis
490 2164 585 2216 furiale
596 2163 704 2228 malum,
717 2169 852 2232 totamque
864 2170 997 2233 pererrat:

344 2234 413 2287 lum
424 2251 485 2286 vero
497 2233 599 2299 infelix,
611 2233 764 2300 ingentibus
777 2235 865 2287 excita
875 2233 1005 2298 monstris,

345 2303 504 2356 Immensam
516 2303 572 2354 sine
583 2320 654 2354 more
666 2303 733 2353 furit
744 2302 883 2371 lymphata
894 2321 941 2371 per
952 2302 1062 2356 urbem:

219 2412 225 2441 g
345 2373 397 2426 Ceu
410 2372 542 2441 quondam
554 2377 622 2424 torto
634 2371 748 2425 volitans
760 2371 809 2424 sub
820 2373 927 2425 verbere
939 2371 1026 2438 turbo,

219 2444 222 2449 '
346 2442 431 2506 Quem
443 2443 518 2510 pueri
528 2458 625 2508 magno
637 2441 666 2492 in
678 2457 742 2508 gyro
755 2443 918 2494 vacuaatria
930 2441 1029 2493 circum

346 2511 449 2564 Intenti
460 2511 523 2562 ludo
535 2516 658 2563 exercent
668 2529 675 2573 ;
693 2510 738 2561 ille
750 2517 825 2562 actus
837 2510 940 2563 habena

345 2580 466 2633 Curvatis
478 2581 563 2632 fertur
575 2580 666 2648 spatiis
677 2598 684 2641 3
702 2585 791 2648 stupet
803 2580 886 2632 inscia
898 2596 977 2648 supra

217 2658 225 2724 p
346 2649 521 2719 Impubesque
532 2666 635 2715 manus,
646 2649 743 2700 mirata
755 2649 869 2701 volubile
881 2649 983 2701 buxum
993 2667 1000 2712 ;

333 2719 414 2775 Dant
424 2719 529 2776 animos
540 2718 646 2794 plagae:
664 2718 727 2774 lion
738 2735 818 2772 cursu
827 2719 930 2787 segnior
941 2718 987 2770 illo

320 2789 380 2850 Per
387 2793 500 2852 medus
513 2795 597 2854 urbes
609 2794 705 2870 agitur
715 2788 998 2866 popidosqueieroees
