2700 3242
278 321 330 373 332
509 317 539 373 P.
553 319 707 373 VIRGILII
728 319 890 375 Maronis

274 421 348 474 Dant
360 422 476 474 sonitum
487 421 561 474 rauci
572 437 619 489 per
630 425 725 488 stagna
737 419 858 490 loquacia
868 419 954 487 cycni.

275 491 290 519 “
300 489 410 556 Immo,’'
422 490 468 554 ait,
482 491 520 543 “o
532 489 627 556 cires‚''
638 496 744 558 arrepto
757 496 872 559 tempore
884 490 998 558 Tiunus,

273 559 392 626 “Cogite
403 559 550 626 concilium,
562 565 589 612 et
601 576 693 628 pacem
705 560 812 612 landate
823 559 958 612 sedentes:
1065 584 1070 599 ι

274 627 318 680 Illi
330 628 409 683 armis
421 629 450 680 in
462 646 544 696 regna
555 627 659 681 ruant.''
694 629 750 682 Nec
764 629 841 696 plura
852 629 959 682 locutus

273 696 404 765 Corripuit
416 714 470 750 sese
483 705 509 750 et
521 698 598 750 tectis
610 699 679 750 citus
692 699 791 750 extulit
803 698 872 751 altis.

271 766 286 792 “
296 765 342 829 Tu,
356 766 461 832 Voluse,
474 768 570 820 armari
583 766 738 820 Volscorum
750 768 822 820 edice
833 766 959 836 maniplis
971 783 978 830 3

269 832 352 899 Duc‚”
365 835 411 901 ait,
424 837 475 888 “et
488 836 608 888 Rutulos.
645 837 778 904 Equitem,
790 837 935 905 Messapus,
946 835 976 887 in
988 836 1069 888 armis

269 901 303 955 Et
316 921 376 956 cum
388 905 470 957 fratre
483 906 568 970 Coras,
579 905 641 958 latis
653 905 796 958 diffundite
808 906 915 974 campis.

266 970 331 1024 Pars
344 972 434 1025 aditus
447 973 518 1026 urbis
530 974 636 1027 firment
648 979 786 1043 turresque
799 980 956 1043 capessant:

264 1039 366 1102 Cetera,
380 1058 433 1108 qua
442 1044 523 1108 jusso,
535 1060 640 1095 mecum
651 1061 746 1096 manus
758 1043 857 1096 inserat
868 1042 969 1096 arma.”

269 1105 346 1158 Ilicet
358 1107 387 1157 in
398 1122 486 1158 muros
498 1111 556 1158 tota
567 1105 725 1158 discurritur
736 1107 809 1159 urbe.

269 1174 415 1226 Concilium
426 1174 482 1242 ipse
494 1180 570 1255 pater
581 1179 609 1225 et
620 1191 718 1242 magna
729 1175 837 1242 incepta
848 1174 960 1228 Latinus

268 1242 378 1310 Deserit,
391 1242 504 1296 actristi
516 1241 639 1295 turbatus
651 1250 768 1312 tempore
780 1244 886 1309 differt;
1060 1253 1070 1294 ².

269 1311 409 1380 Multaque
421 1329 448 1365 se
459 1312 572 1379 incusat,
584 1312 631 1379 qui
642 1330 697 1365 non
708 1314 839 1382 acceperit
850 1314 921 1367 ultro

268 1380 433 1434 Dardanium
444 1381 555 1448 AEnean,
568 1398 747 1449 generumque
758 1383 900 1436 adsciverit
911 1382 979 1436 urbi.

271 1449 433 1504 Praefodiunt
445 1451 491 1503 alii
522 1457 599 1517 ortas,
611 1457 659 1504 aut
671 1469 736 1504 saxa
748 1452 876 1520 sudesque

268 1517 438 1573 Subiectant.
468 1468 542 1572 Beiio
555 1521 602 1572 dat
614 1520 720 1587 signum
731 1539 813 1574 rauca
824 1527 965 1575 cruentum

270 1588 393 1643 Buccina.
423 1589 490 1642 'sum
502 1605 590 1641 muros
601 1589 675 1642 varia
687 1590 793 1643 cinxere
806 1607 900 1644 corona

270 1657 398 1711 Matronae
410 1658 537 1726 puerique
547 1677 554 1722 ;
566 1664 643 1711 vocat
655 1659 729 1711 labor
740 1660 852 1713 ultimus
864 1677 962 1712 omnes.

269 1727 295 1779 N
296 1745 324 1780 ec
336 1745 389 1780 non
402 1728 436 1779 ad
448 1727 578 1794 templum
590 1745 757 1796 summasque
769 1729 804 1781 ad
816 1729 933 1782 Palladis
945 1747 1018 1782 arces

269 1795 430 1849 Subvchitur
443 1813 540 1863 magna
551 1803 668 1848 matrum
680 1798 772 1865 regina
785 1804 899 1864 caterva,

270 1865 346 1918 Dona
358 1865 458 1928 ferens3
471 1867 603 1933 juxtaque
616 1882 701 1918 comes
714 1867 825 1920 Lavinia
837 1869 918 1936 virgo,

270 1934 355 1987 Causa
362 1935 427 1986 mali
439 1934 516 2000 tanti,
530 1935 618 1986 oculos
630 1934 733 2001 dejecta
748 1936 860 1989 decoros.

269 2003 421 2056 Succedunt
433 2008 538 2070 matres,
551 2009 578 2055 et
590 2004 722 2070 templum
734 2005 813 2058 thure
825 2012 961 2074 vaporant,

270 2072 305 2125 Et
317 2079 420 2125 maestas
433 2073 487 2125 alto
500 2072 619 2125 fundunt
631 2073 663 2124 de
676 2074 767 2126 limine
780 2092 871 2128 voces:

272 2142 287 2168 “
294 2140 469 2209 Armipotens,
483 2157 577 2206 praeses
589 2139 659 2203 belli,
672 2141 791 2194 Tritonia
802 2142 884 2208 virgo,

271 2209 374 2276 Frange
386 2226 467 2261 manu
480 2209 564 2260 telum
577 2209 687 2276 Phrygii
700 2210 839 2276 praedonis,
851 2215 878 2261 et
890 2211 981 2276 ipsum

269 2276 385 2330 Pronum
398 2285 484 2330 sterne
497 2279 558 2343 solo,
571 2280 706 2356 portisque
718 2280 824 2331 effunde
836 2278 884 2330 sub
899 2278 986 2330 altis.'’

269 2343 395 2411 Cingitur
405 2344 462 2411 ipse
474 2344 563 2396 furens
577 2350 698 2397 certatim
710 2347 739 2397 in
751 2349 844 2415 proelia
856 2350 968 2403 numus.

270 2411 385 2480 Jamque
397 2413 461 2465 adeo
475 2412 606 2464 Rutulum
619 2414 727 2468 thoraca
738 2416 850 2471 indutus
863 2419 955 2471 ahenis

271 2481 404 2533 Horrebat
417 2482 540 2548 squamis,
554 2500 678 2549 surasque
690 2485 833 2539 incluserat
845 2505 917 2552 auro,

271 2550 400 2619 Tempora
411 2551 498 2602 nudus
511 2551 615 2615 adhuc;
628 2552 757 2622 laterique
769 2557 920 2609 accinxerat
932 2575 1023 2610 ensem
1034 2578 1041 2624 3

271 2618 453 2687 Fulgebatque
466 2619 521 2671 alta
533 2620 672 2673 decurrens
685 2640 780 2677 aurens
792 2643 868 2690 arce;

263 2687 448 2761 Exsultatque
461 2689 563 2757 animis,
576 2696 603 2742 et
615 2707 659 2759 spe
669 2694 725 2760 jam
738 2695 859 2763 praecipit
871 2696 980 2750 hostem

256 2760 354 2826 Qualis
368 2763 417 2819 ubi
430 2761 558 2836 abruptis
570 2761 644 2833 fugit
655 2764 887 2832 presepiarindis

243 2830 376 2894 Tandem
390 2838 466 2895 iiber
480 2855 581 2911 equus,
592 2852 747 2904 campoque
755 2832 861 2903 potitus
868 2837 960 2900 aperte
