2700 3242
514 283 684 338 AENEIDOS
702 284 768 338 LIB.
788 285 833 339 lx
1046 287 1098 336 283

251 387 408 457 Agnoscunt
421 387 503 456 spolia
515 387 585 439 inter
597 404 631 453 se,
643 386 799 455 galeamque
810 388 941 439 nitentem

251 455 377 525 Messapi,
389 463 416 508 et
427 457 512 508 multo
524 457 644 525 phaleras
656 456 748 508 sudore
760 463 884 524 receptas.

289 526 325 579 Et
332 527 391 593 jam
402 526 487 594 prima
498 543 565 577 novo
578 525 717 593 spargebat
728 525 828 576 lumine
841 532 923 577 terras

252 593 361 647 'Pithoni
373 611 491 647 croceum
503 595 624 663 linquens
638 599 737 646 Aurora
748 593 850 648 cubile:
1043 595 1095 645 460

251 663 272 716 J
273 681 317 716 am
329 664 382 716 sole
394 665 488 731 infuse,
497 666 555 732 jam
566 663 642 715 rebus
655 664 713 715 luce
725 665 839 730 retectis,

251 732 357 784 Turnus
368 733 397 784 in
409 750 482 784 arma
493 734 570 799 viros,
582 733 661 784 armis
673 733 851 784 circumdatus
863 732 926 801 ipse,

251 801 386 865 Suscitat;
404 810 549 870 aeratasquc
561 801 629 854 acies
641 802 669 853 in
682 802 775 869 praelia
788 802 859 868 cogit

251 871 369 939 Quisque
381 888 447 938 suas,
460 872 590 938 variisque
602 877 702 923 acuunt
713 871 860 922 rumoribus
872 870 931 924 iras.

251 940 323 1003 Qum
335 941 393 1008 ipsa
404 941 518 1008 arrectis,
531 940 589 993 visu
601 939 755 1006 miserabile,
768 939 796 991 in
808 939 891 992 hastis

249 1007 397 1076 Praefigunt
409 1010 504 1077 capita,
516 1014 544 1062 et
555 1009 640 1061 multo
652 1009 764 1061 clamore
776 1015 929 1077 sequuntur,

204 1139 207 1143 Α
249 1077 362 1146 Euryali
374 1084 401 1130 et
413 1079 438 1131 N
439 1078 478 1131 isi

224 1145 228 1152 ’
249 1147 377 1199 AEneadae
389 1147 449 1199 duri
461 1165 596 1200 murorum
608 1147 636 1198 in
649 1153 725 1216 parte
737 1146 843 1200 sinistra

250 1215 401 1284 Opposuere
413 1217 503 1282 aciem,
516 1234 578 1268 nam
591 1217 700 1268 dextera
712 1217 829 1283 cingitur
841 1216 921 1284 amni,

249 1285 428 1354 Ingentesque
439 1292 532 1338 tenent
544 1286 632 1350 fossas,
645 1291 672 1337 et
685 1286 801 1337 turribus
814 1285 875 1337 altis
1041 1288 1092 1338 470

249 1353 329 1406 Stant
341 1355 443 1407 maesti:
461 1355 541 1406 simul
553 1372 598 1406 ora
610 1355 697 1407 virum
708 1355 816 1422 praefixa
828 1352 975 1420 movebant,

248 1422 321 1476 Nota
333 1424 412 1476 nimis
423 1424 532 1492 miseris,
545 1431 654 1491 atroque
666 1424 777 1475 fluentia
788 1422 857 1476 tabo.

285 1492 392 1545 Interea
403 1493 526 1561 pavidam
539 1493 651 1545 volitans
664 1499 780 1560 pennata
792 1510 838 1561 per
849 1491 942 1544 urbem

247 1560 275 1612 N
275 1562 355 1613 uncia
367 1562 450 1614 Fama
461 1562 524 1628 ruit,
535 1563 680 1630 matrisque
692 1561 818 1614 allabitur
830 1579 906 1613 aures

247 1629 366 1698 Euryali
402 1630 440 1683 At
453 1630 555 1683 subitus
567 1631 668 1684 miserae
681 1631 751 1683 calor
763 1648 820 1683 ossa
831 1630 955 1699 reliquit:

247 1698 360 1751 Excussi
372 1700 493 1752 manibus
505 1700 579 1766 radii,
592 1700 763 1768 revolutaque
774 1718 862 1768 pensa

247 1767 344 1820 Evolat
356 1769 458 1836 infelix,
470 1775 497 1821 et
505 1769 618 1822 femineo
630 1769 744 1837 ululatu,

247 1836 335 1889 Scissa
346 1853 455 1905 comam,
466 1855 554 1890 muros
566 1856 655 1892 amens
667 1845 748 1906 atque
761 1839 867 1905 agmina
878 1855 955 1890 cursu

246 1905 339 1957 Prima
351 1907 435 1974 petit:
453 1925 506 1959 non
518 1907 565 1961 illa
578 1907 670 1975 viriam,
683 1925 736 1960 non
748 1908 795 1959 illa
806 1907 905 1975 pericli,

246 1974 420 2043 Telorumque
428 1993 542 2029 memor:
561 1977 656 2029 coelum
666 1977 761 2029 dehinc
771 1977 905 2045 questibus
914 1976 1007 2044 immet
1017 1994 1023 2030 τ
1036 1980 1088 2029 480

244 2040 260 2070 “
269 2041 350 2095 Hunc
362 2059 410 2110 ego
421 2046 455 2109 te,
468 2043 589 2110 Euryale,
602 2044 699 2111 aspicio
712 2043 721 2095 l
740 2050 804 2095 tune
817 2043 864 2094 illa
875 2053 988 2095 senecta

245 2109 310 2163 Sera
322 2127 386 2162 meae
397 2110 507 2178 requies,
518 2110 628 2178 patuisti
639 2111 759 2178 linquere
772 2110 860 2176 solam,

246 2178 366 2232 Crudelis
377 2179 387 2231 l
404 2196 453 2231 nec
465 2184 499 2246 ta,
512 2179 561 2231 sub
573 2185 649 2231 tanta
661 2178 779 2248 pericula
790 2179 906 2245 missum,

245 2247 331 2300 Affari
343 2253 492 2301 extremum
503 2248 603 2300 miserae
616 2249 679 2301 data
691 2248 766 2316 copia
777 2247 857 2300 matri
868 2247 878 2299 l

245 2317 316 2383 Heu,
329 2321 398 2369 terra
410 2317 501 2384 ignota
513 2317 622 2369 canibus
635 2318 697 2369 date
709 2317 798 2385 praeda
812 2316 914 2368 Latinis

245 2386 414 2454 Alitibusque
422 2387 511 2453 jaces!
530 2403 579 2438 nec
590 2393 618 2438 te
630 2393 679 2439 tua
690 2387 784 2438 funera
795 2392 880 2437 mater

245 2454 371 2521 Produxi,
384 2455 497 2523 pressive
509 2455 603 2521 oculos,
616 2462 663 2508 aut
676 2456 786 2508 vulnera
797 2455 858 2520 lavi,

246 2523 326 2576 Veste
339 2530 430 2590 tegens
440 2542 447 2587 ;
465 2524 515 2576 tibi
528 2541 607 2592 quam
619 2531 709 2577 noctes
720 2525 818 2577 festina
830 2524 935 2592 diesque

245 2591 386 2660 Urgebam,
399 2599 426 2645 et
438 2593 492 2646 tela
504 2610 580 2645 curas
593 2593 695 2646 solabar
706 2594 796 2646 aniles.

246 2662 303 2726 Quo
317 2678 410 2729 sequar
420 2662 430 2714 l
448 2668 496 2714 aut
505 2680 564 2731 quae
574 2680 644 2714 nunc
657 2669 738 2729 artus,
748 2662 890 2729 avulsaque
901 2659 1025 2728 membra,
1032 2665 1084 2715 490

244 2731 281 2784 Et
292 2731 374 2783 funus
386 2731 501 2784 lacerum
513 2732 592 2784 tellus
605 2732 704 2786 habetl
723 2733 773 2786 hcc
783 2731 855 2784 milii
864 2730 900 2784 ue
908 2736 951 2797 te,

245 2799 320 2878 Πρω,
332 2799 435 2852 refers?
448 2801 500 2854 boc
510 2819 571 2856 sum
584 2808 715 2878 terraque
724 2804 855 2878 marique
866 2799 985 2856 secutul

233 2867 323 2930 W&
330 2884 381 2933 ΜΘ,
394 2868 419 2920 ³1¹
429 2885 485 2937 qua
497 2880 540 2929 est
553 2876 663 2949 pietas3
685 2880 719 2936 in
729 2898 779 2936 me
792 2876 893 2934 emuna
901 2873 968 2928 tela

1154 2934 1161 3005 l
