2700 3242
299 292 353 343 384
531 297 562 352 Ρ.
574 296 730 351 VIRGILII
747 295 910 352 MARONIS

297 401 370 454 Hinc
381 403 439 454 erat
450 400 585 470 oppositus
599 403 691 452 contra
702 398 869 451 Telamonius
881 399 965 468 heros,

297 470 458 539 objectoque
469 469 550 522 dabat
563 469 646 537 clipeo
659 468 819 533 certamina;
837 474 864 521 et
875 469 951 522 illinc

298 539 396 593 Hector
408 544 472 606 erat,
484 539 568 608 Trojae
580 555 713 589 summum
726 537 908 604 decus-acer
918 543 1039 610 uterque,

297 607 463 660 Fulminibus
476 608 540 660 coelo
552 606 636 660 veluti
647 607 736 674 fragor
748 606 835 658 editus
847 607 902 660 ulto
910 626 954 672 3-

297 677 407 746 Ignibus
419 677 463 728 hic
475 677 587 744 telisque
599 693 686 744 super,
698 676 721 726 si
732 675 858 728 classibus
870 675 955 744 Argos
976 731 979 735 ,

296 745 342 799 Eri
361 746 400 798 iat
410 746 526 799 reditus:
544 745 589 796 ille
601 751 633 796 ut
645 744 777 797 Vulcania
788 745 858 798 ferro

296 764 413 868 Vuihera
424 820 558 884 protectus
570 813 700 881 depellere
712 813 824 865 naribus
836 814 925 867 instet.

295 882 354 936 Hoc
366 890 423 936 erat
435 883 555 936 AEaoides
567 882 635 935 alter
646 882 752 934 laetatus
764 883 875 936 honore:

294 952 487 1021 Dardaniaeque
498 952 565 1005 alter
576 953 635 1004 fuso
647 951 718 1020 quod
730 953 858 1019 sanguine
870 954 970 1021 campis

294 1021 424 1075 Hectoreo
435 1023 519 1076 victor
530 1021 653 1073 lustravit
666 1038 771 1088 corpore
784 1022 895 1090 Trojum.

294 1090 395 1144 Rursus
407 1091 501 1143 acerba
511 1091 636 1156 fromunt,
649 1090 724 1142 Paris
736 1090 808 1142 hunc
837 1092 890 1143 uod
901 1091 976 1159 letat,
989 1098 1016 1145 et
1028 1093 1073 1162 huj

293 1159 373 1212 Almn
384 1160 451 1213 dolis
463 1159 551 1212 Ithaci
562 1160 647 1212 virtus
660 1160 731 1227 quod
743 1109 858 1212 concidit
869 1161 931 1214 icta.

294 1227 366 1281 Huic
378 1230 447 1298 gerit
458 1246 561 1282 aversos
590 1228 656 1281 roles
670 1229 778 1281 Laertia
790 1229 889 1296 uilius,

292 1296 328 1352 Et
336 1300 395 1366 jam
406 1298 550 1366 Strymonii
586 1298 643 1350 hesi
654 1298 790 1366 victorque
801 1298 918 1364 Dolonis,

292 1367 401 1421 Pallade
410 1370 467 1437 jam
478 1367 586 1420 laetatur
598 1384 692 1431 ovans3
709 1385 851 1436 rursusque
863 1368 994 1421 tremiscit

291 1436 312 1490 J
312 1454 356 1489 am
368 1438 483 1504 Ciconas,
492 1439 666 1505 jamjamque
679 1437 767 1488 horret
780 1437 962 1504 Laestrygonas
974 1445 1060 1493 atrox.

292 1505 374 1559 Illum
386 1506 474 1575 Scylla
485 1524 569 1575 rapax
582 1506 690 1558 canibus
703 1506 838 1558 succincta
849 1506 977 1571 Molossis,

290 1575 462 1645 AEtnaeusque
474 1575 584 1644 Cyclops
591 1595 599 1639 3
616 1576 694 1626 illum
705 1576 849 1627 metuenda
861 1576 1014 1645 Charybdis,

290 1643 476 1713 Pallentesque
488 1645 568 1712 lacus,
581 1651 608 1697 et
621 1644 741 1712 squalida
754 1645 863 1697 Tartara
875 1651 983 1700 terrent.

290 1713 343 1766 Hic
353 1720 382 1767 et
394 1714 515 1767 Tantalei
528 1714 630 1781 generis
643 1715 729 1781 decus,
742 1715 845 1782 amplus
857 1715 970 1783 Atrides,

289 1783 401 1851 Assidet,
414 1785 543 1851 Argivum
554 1783 652 1850 lumen,
665 1800 715 1851 quo
727 1782 833 1835 flamma
844 1790 951 1850 regente

288 1852 365 1905 Doris
377 1853 563 1905 Erichthonius
575 1853 717 1921 prostravit
728 1853 850 1904 funditus
862 1871 941 1905 arces.

289 1922 416 1975 Reddidit
428 1923 494 1974 heu!
514 1924 620 1989 gravius
632 1939 723 1991 poenas
735 1922 792 1989 tibi,
806 1922 890 1989 Troja,
902 1924 1000 1991 ruenti,

288 1990 508 2060 Hellespontiacis
521 1991 638 2043 obiturus
650 1991 767 2043 reddidit
778 1992 863 2044 undis.

287 2060 342 2114 Illa
353 2062 423 2115 vices
434 2062 571 2112 hominum
583 2066 682 2112 testata
694 2066 733 2112 est
745 2061 820 2128 copia
832 2062 971 2129 quondam,

287 2129 329 2183 Ne
340 2131 480 2199 quisquam
491 2130 603 2198 propriae
615 2130 729 2181 fortunae
741 2147 850 2181 munere
862 2131 934 2182 dives

287 2197 343 2251 Iret
354 2200 489 2251 inevectus
502 2200 597 2251 obelum
610 2217 701 2266 super:
720 2216 796 2250 omne
808 2200 955 2267 propinquo

286 2267 432 2336 Frangitur
443 2269 549 2321 invidiae
563 2269 615 2320 telo
629 2269 715 2320 decus.
751 2269 812 2320 Ibat
824 2269 853 2319 in
865 2270 951 2320 altum

286 2336 334 2389 Vis
346 2340 432 2405 Argea
443 2345 535 2406 petens
547 2337 668 2406 patriam,
682 2337 819 2405 ditataque
831 2338 920 2405 praeda

285 2406 361 2458 Arois
374 2406 566 2458 Erichthoniae:
585 2424 669 2458 comes
682 2406 744 2458 huie
757 2413 814 2458 erat
826 2425 890 2459 aura
902 2410 1020 2462 secunda

285 2474 337 2529 Per
347 2477 483 2545 placidum
495 2493 572 2528 cursu
585 2476 710 2544 pelagus;
727 2476 753 2527 N
754 2480 821 2528 ereis
833 2477 867 2528 ad
880 2478 965 2529 undas

284 2544 366 2612 Signa
378 2545 465 2612 dabat,
478 2563 537 2614 pars
549 2545 653 2597 inflexis
666 2563 744 2612 super
756 2551 816 2597 acta
828 2547 923 2598 carinis
929 2565 937 2611 ;

281 2613 371 2682 Quum
384 2632 430 2670 scu
443 2615 542 2669 coelesti
553 2615 616 2681 fato,
630 2632 676 2666 seu
689 2615 779 2666 sideris
792 2622 851 2667 ortu

272 2685 403 2763 Undique
415 2693 544 2746 mutatur
557 2685 618 2742 coeli
627 2685 708 2753 nitor,
718 2685 807 2737 omnia
815 2685 908 2764 uentis,

258 2760 366 2822 Omnia
381 2765 547 2823 turbinibus
560 2765 627 2820 sunt
640 2758 733 2814 annia.
764 2755 1003 2808 bammamsunbn

241 2833 401 2901 Sideribus
417 2847 516 2902 certat,
530 2849 722 2907 consurgere3
737 2827 848 2897 iamque
856 2836 971 2888 superne
