2700 3242
530 302 697 358 AENEIDOS
714 304 781 358 LIB.
799 304 832 359 K
1047 309 1100 362 307

254 403 383 475 Quisquis
393 403 476 458 honos
487 405 593 473 tumuli,
606 405 736 474 quidquid
747 406 863 459 solamen
875 406 1004 463 humandi
1015 415 1063 477 est,

252 474 371 544 largior.
407 473 489 526 Haud
500 474 541 526 illi
553 474 663 527 stabunt
673 475 771 528 AEne'ia
849 493 864 528 o

254 540 405 611 Hospitia'’
440 543 476 596 ut
487 542 554 596 laevo
566 542 660 611 pressit
672 542 739 607 pede
751 544 815 594 teia
827 541 900 593 fatus

251 611 419 677 Exanimem,
430 611 535 679 rapiens
547 610 673 662 immania
719 609 800 662 ndera
811 609 901 678 baltei,

252 679 466 750 Impressumque
478 679 641 732 nefas-una
653 627 790 731 sulonocte
798 679 886 747 jugali

252 749 327 802 Oresa
337 766 431 802 manus
439 751 571 816 juvenum
583 748 658 813 foede,
672 748 836 814 thalamique
848 748 996 817 cruenti,-

252 818 321 883 Quae
333 818 430 872 Clonus
443 817 583 886 Eurytides
595 818 680 869 multo
692 817 831 869 celaverat
843 835 924 870 auro:

252 887 313 952 Quo
325 904 397 941 nunc
409 888 513 940 'l'urnus
525 893 587 939 ovat
599 886 681 955 spolio
693 886 844 954 gaudetque
857 892 965 956 potitus.
1046 893 1098 944 500

251 957 281 1011 N
282 957 351 1010 escle
362 974 436 1009 mens
448 956 587 1009 hominum
598 956 648 1008 fati
661 956 789 1024 sortisque
800 956 906 1025 futurae,

250 1026 291 1080 Et
302 1043 405 1080 servare
416 1026 531 1092 modum,
543 1025 621 1077 rebus
633 1024 737 1077 sublata
750 1025 887 1079 secundis!

251 1095 343 1148 Turno
355 1102 408 1148 tem
428 1113 460 1148 us
471 1095 529 1160 erit,
541 1111 637 1161 magno
649 1112 732 1162 quum
744 1096 875 1162 optaverit
887 1100 989 1150 emtum

251 1164 392 1218 Intaetum
404 1113 534 1230 llallanta,
546 1174 574 1216 et
586 1181 669 1231 quum
682 1163 765 1232 spolia
777 1164 828 1215 ista
840 1163 962 1234 diemque

251 1234 353 1288 Oderit.
389 1236 426 1288 At
438 1234 500 1286 socii
512 1233 597 1285 multo
609 1233 710 1300 gemitu
724 1232 890 1301 lacrimisque

251 1302 296 1356 Im
331 1304 411 1357 situm
423 1311 498 1356 scuto
509 1303 628 1355 referunt
641 1302 763 1354 Pallanta
776 1303 933 1370 frequentes.

251 1373 277 1427 0
308 1374 363 1426 olor
374 1381 454 1441 atque
466 1373 546 1424 decus
558 1389 686 1438 maguum
698 1371 813 1423 rediture
826 1373 929 1440 parenti
939 1377 946 1429 l

251 1442 320 1496 Haec
332 1449 360 1496 te
371 1443 456 1512 prima
468 1442 523 1493 dies
536 1441 604 1492 bello
617 1441 698 1505 dedit,
711 1440 768 1493 haec
780 1442 871 1493 eudem
884 1442 978 1508 aufert,

252 1511 343 1577 Quum
356 1519 445 1564 tamen
457 1512 577 1578 ingentes
591 1510 750 1562 Rutulorum
763 1510 860 1578 linquis
872 1513 992 1566 acervos!

288 1581 314 1634 N
315 1599 345 1634 ec
353 1583 411 1649 jam
422 1581 494 1633 fama
505 1579 569 1632 mali
581 1580 659 1646 tanti,
672 1580 717 1631 scd
729 1580 823 1632 certior
835 1586 927 1633 auctor
1046 1585 1097 1636 elo

197 1666 199 1695 ἑ
250 1650 369 1704 Advolat
381 1651 478 1716 AEneee,
491 1649 566 1702 tenui
579 1649 729 1701 discrimine
741 1649 788 1701 leti

251 1719 318 1773 Esse
329 1737 405 1772 suos:
424 1724 535 1787 tempus,
548 1719 627 1770 versis
640 1735 790 1770 succurrere
803 1719 915 1772 Teucris.

251 1788 380 1842 Proxime
391 1805 502 1857 quoeque
514 1789 592 1840 metit
604 1787 701 1855 gladio,
713 1787 850 1856 latumque
862 1806 908 1856 per
920 1807 1016 1858 agmen

250 1858 357 1912 Ardone
369 1858 481 1910 limitem
493 1858 549 1925 egit
561 1858 647 1920 ferro;
665 1862 699 1923 te,
713 1857 806 1924 Turne,
819 1859 962 1926 superbum

252 1927 330 1981 Crede
342 1944 411 1980 nora
422 1943 548 1996 quoerens.
583 1926 680 1992 Palles,
693 1926 822 1992 Evander,
835 1928 864 1979 in
876 1927 939 1995 ipsis

253 1996 350 2050 Omnia
363 2003 426 2049 suut
437 1996 537 2059 oculis;
554 2012 659 2062 menese,
671 2013 737 2063 quas
749 1996 851 2049 advena
862 1997 961 2065 primas

251 2066 328 2119 Tunc
340 2066 415 2133 odiit,
427 2065 578 2134 dextraeque
590 2065 667 2117 datoe.
703 2064 828 2118 Sulmone
840 2073 939 2118 creatos

252 2135 374 2200 Quatuor
386 2135 429 2188 hic
437 2136 549 2203 juvenes
559 2153 567 2198 ;
585 2135 704 2200 totidem,
716 2151 781 2202 quos
793 2135 889 2187 educat
903 2135 992 2203 Ufens,

252 2205 380 2258 Viventes
392 2204 470 2274 rapit,
482 2203 590 2256 inferias
602 2220 667 2272 quos
679 2203 797 2256 immolet
810 2204 915 2270 umbris,

252 2274 416 2397 OaXtivoque
427 2273 484 2341 rogi
496 2273 640 2341 perfundet
652 2273 781 2340 sanguine
792 2273 919 2327 dammas.
1044 2277 1096 2329 620

251 2343 286 2398 In
306 2360 320 2397 e
332 2343 412 2412 Mago
423 2342 514 2412 procul
526 2341 656 2393 infensam
668 2342 839 2394 contenderet
851 2343 961 2396 hastam.

251 2413 303 2467 Ille
314 2420 376 2466 astu
387 2411 458 2465 subit
467 2430 475 2476 ;
492 2417 522 2463 at
532 2411 707 2463 tremebunde
718 2411 868 2479 supervolat
880 2411 974 2477 hasta3

251 2482 288 2536 Et
299 2499 388 2552 genua
398 2481 559 2550 amplectens
571 2479 666 2532 offatm
678 2480 744 2532 talia
755 2480 883 2547 supplex:

253 2554 328 2606 “Per
339 2554 438 2622 patrios
451 2568 547 2611 manes,
560 2568 606 2618 per
618 2568 675 2618 spes
688 2550 819 2615 surgentis
833 2548 895 2611 Iuli,

251 2619 289 2674 Te
301 2637 400 2690 precor,
411 2619 479 2672 hene
491 2619 607 2672 animam
619 2636 705 2672 serves
716 2626 831 2686 natoque
843 2618 970 2687 patrique.

251 2688 302 2743 Est
313 2689 406 2742 domus
418 2689 490 2753 alta3
504 2690 596 2756 jacent
608 2689 714 2756 penitus
726 2689 827 2739 defossa
839 2687 943 2741 talenta

253 2758 345 2812 Oeelati
358 2758 478 2826 argenti;
494 2764 559 2811 sunt
569 2759 630 2811 euri
641 2758 764 2830 pondere.
774 2757 846 2812 iacti

243 2827 394 2892 [electique
403 2826 478 2880 milri
514 2827 576 2883 Non
591 2829 638 2886 hic
651 2832 775 2888 victoria
785 2831 936 2886 Teucrum
