2700 3242
256 301 291 356 36
497 307 526 360 P.
546 304 701 359 VIRGILII
720 303 883 359 MARONIS

262 405 349 470 Quam
362 404 456 472 Cereri,
469 411 540 458 torta
552 406 693 458 redimitus
706 410 824 473 tempora
836 420 942 472 quercu,

261 473 315 528 Det
326 480 414 527 motus
425 475 612 543 incompositos
624 484 652 527 et
664 475 782 527 carmina
795 475 874 526 dicat.
1063 476 1116 525 350

297 545 386 612 Atque
398 543 454 596 haec
467 549 498 596 ut
510 545 588 596 certis
601 544 729 613 possimus
742 544 840 595 discere
853 543 942 610 signis,

263 611 416 681 AEstusque,
429 612 593 681 pluviasque,
606 619 633 665 et
645 619 754 680 agentes
765 613 864 680 frigora
876 619 983 664 ventos:

263 682 325 751 Ipse
338 682 418 734 Pater
430 683 534 748 statuit,
547 682 611 750 quid
623 688 760 734 menstrua
771 682 847 733 Luna
858 688 995 744 moneret;

264 752 322 815 Quo
335 752 410 819 signo
423 751 546 804 caderent
560 753 652 804 Austri
666 771 673 815 3
691 752 756 820 quid
768 767 837 817 saepe
849 752 969 804 videntes

264 821 394 888 Agricola
406 821 513 890 propius
526 820 637 872 stabulis
650 825 770 872 armenta
781 825 908 872 tenerent.

265 890 404 956 Continuo,
417 890 503 942 ventis
516 888 693 956 surgentibus,
706 899 754 941 aut
766 890 835 941 freta
846 889 922 957 ponti

266 959 406 1027 Incipiunt
417 959 519 1026 agitata
532 965 684 1024 tumescere,
697 965 724 1010 et
736 959 825 1010 aridus
838 959 900 1010 altis

264 1027 401 1082 Montibus
414 1028 501 1080 audiri
513 1028 617 1094 fragor3
636 1033 684 1079 aut
696 1028 847 1079 resonantia
858 1027 937 1096 longe

265 1097 355 1151 Litora
366 1097 477 1164 misceri,
490 1103 517 1149 et
529 1114 664 1148 nemorum
676 1096 865 1148 increbrescere
877 1115 1004 1149 murmur.

265 1167 286 1220 J
286 1184 329 1218 am
342 1166 391 1218 sibi
403 1172 462 1218 tum
474 1166 561 1218 curvis
573 1166 642 1217 male
655 1171 786 1234 temperat
797 1167 870 1218 unda
883 1167 986 1231 carinis,
1066 1169 1118 1218 360

267 1236 356 1300 Quum
368 1235 454 1288 medio
467 1235 561 1288 celeres
573 1234 693 1287 revolant
705 1252 739 1287 ex
751 1251 852 1303 aequore
863 1237 954 1302 mergi,

267 1305 463 1373 Clamoremque
474 1305 564 1357 ferunt
576 1305 610 1356 ad
622 1304 718 1368 litora3
736 1321 870 1372 quumque
882 1306 989 1357 marinae

267 1374 301 1426 In
313 1375 382 1427 sicco
394 1374 493 1427 ludunt
505 1375 600 1441 fulica,
614 1380 741 1441 notasque
753 1374 863 1442 paludes

268 1444 379 1512 Deserit,
392 1449 473 1512 atque
486 1444 569 1495 altam
582 1461 661 1511 supra
673 1443 746 1495 volat
758 1444 836 1495 ardea
849 1443 952 1496 nubem.

268 1513 341 1581 Saepe
354 1513 434 1564 etiam
447 1513 543 1578 stellas,
556 1518 634 1564 vento
647 1513 825 1580 impendente,
837 1512 939 1564 videbis

267 1581 420 1650 Praecipites
433 1582 497 1633 coslo
509 1581 570 1646 labi,
583 1582 719 1649 noctisque
732 1599 778 1649 per
790 1582 911 1640 umbram

268 1651 449 1704 Flammarum
461 1650 551 1718 longos
564 1667 580 1701 a
593 1655 665 1717 tergo
679 1651 808 1703 albescere
820 1657 938 1714 tractus3

269 1719 344 1788 Eaepe
356 1719 441 1771 levem
452 1719 555 1788 paleam
568 1725 595 1770 et
606 1719 712 1771 frondes
724 1720 834 1772 volitare
847 1721 967 1787 caducas,

269 1791 325 1843 Aut
338 1805 440 1840 summa
451 1793 546 1840 nantes
558 1789 587 1839 in
599 1806 668 1856 aqua
681 1789 812 1841 colludere
824 1789 934 1856 plumas.

268 1859 306 1910 At
319 1859 408 1929 Boreae
421 1858 453 1910 de
465 1864 541 1927 parte
553 1858 635 1910 trucis
650 1875 732 1926 quum
744 1859 878 1924 fulminat,
890 1864 917 1911 et
930 1875 1013 1925 quum
1066 1862 1118 1911 370

268 1927 385 1995 Eurique
398 1927 563 1995 Zephyrique
576 1932 651 1979 tonat
663 1928 756 1979 domus
769 1946 775 1980 z
793 1928 882 1980 omnia
893 1929 979 1995 plenis

270 1996 343 2049 Rura
355 2003 451 2049 natant
462 1997 546 2064 fossis,
560 2002 641 2064 atque
653 1996 737 2048 omnis
750 1997 842 2048 navita
853 2003 934 2065 ponto

270 2064 390 2117 Humida
402 2066 461 2118 vela
472 2067 544 2133 legit.
574 2066 719 2133 Nunquam
731 2066 942 2134 imprudentibus
954 2065 1037 2119 imber

270 2135 379 2187 obfuit:
400 2142 448 2189 aut
460 2136 537 2188 illum
550 2143 701 2204 surgentem
712 2137 824 2188 vallibus
836 2137 895 2188 imis

271 2203 357 2256 Aeriae
370 2204 461 2271 fugere
474 2221 551 2271 grues
562 2221 569 2268 3
588 2210 636 2255 aut
647 2204 745 2256 bucula
757 2205 852 2256 coelum

270 2272 421 2341 Suspiciens
433 2273 532 2341 patulis
545 2274 663 2341 captavit
675 2274 783 2325 naribus
797 2291 889 2337 auras;

270 2341 327 2394 Aut
339 2347 434 2409 arguta
445 2341 519 2394 lacus
531 2342 753 2394 circumvolitavit
766 2343 880 2395 hirundo
891 2363 898 2406 ;

270 2409 307 2463 Et
320 2417 435 2463 veterem
446 2411 476 2463 in
488 2412 551 2463 limo
563 2428 633 2464 ranae
647 2412 763 2464 cecinere
776 2413 915 2480 querelam.

271 2479 375 2548 Saepius
387 2485 414 2532 et
426 2481 503 2532 tectis
515 2481 694 2549 penetralibus
707 2481 806 2533 extulit
818 2499 867 2534 ova

274 2548 425 2616 Angustum
437 2550 546 2602 formica
558 2556 644 2601 terens
657 2550 726 2614 iter;
744 2557 771 2603 et
783 2551 850 2603 bibit
862 2551 956 2618 ingens
1068 2557 1119 2605 350

272 2619 372 2681 Arcus;
391 2623 418 2669 et
430 2636 444 2670 e
457 2624 536 2686 pastu
549 2619 675 2671 decedens
688 2621 794 2686 agmine
806 2638 901 2687 magno

272 2687 415 2737 Corsorum
426 2687 559 2756 increpuit
571 2689 658 2740 densis
671 2690 801 2741 exercitus
813 2689 869 2742 alis.

251 2752 321 2800 Jsm
338 2756 427 2806 rarr'ss
433 2757 530 2828 pelagi
544 2758 670 2830 volucres,
684 2763 712 2812 et
725 2776 785 2830 quse
798 2758 861 2811 Asia
872 2759 972 2811 circum

233 2811 378 2872 Dulcibus
387 2823 421 2878 in
434 2830 545 2898 stagnis
557 2832 703 2888 rimantur
714 2838 797 2906 prata
808 2830 925 2901 Caystri,
