<?xml version="1.0" encoding="UTF-8"?>
<!DOCTYPE html PUBLIC "-//W3C//DTD XHTML 1.0 Transitional//EN"
    "http://www.w3.org/TR/xhtml1/DTD/xhtml1-transitional.dtd">
<html xmlns="http://www.w3.org/1999/xhtml" xml:lang="en" lang="en">
 <head>
  <title>
</title>
<meta http-equiv="Content-Type" content="text/html;charset=utf-8" />
  <meta name='ocr-system' content='tesseract 3.04.00' />
  <meta name='ocr-capabilities' content='ocr_page ocr_carea ocr_par ocr_line ocrx_word'/>
</head>
<body>
  <div class='ocr_page' id='page_1' title='image "./operaomnia00virggoog/operaomnia00virggoog_0025.png"; bbox 0 0 2700 3242; ppageno 0'>
   <div class='ocr_carea' id='block_1_1' title="bbox 511 287 1129 354">
    <p class='ocr_par' dir='ltr' id='par_1_1' title="bbox 511 287 1129 354">
     <span class='ocr_line' id='line_1_1' title="bbox 511 287 1129 354; baseline 0.024 -15"><span class='ocrx_word' id='word_1_1' title='bbox 511 287 694 342; x_wconf 77' lang='lat' dir='ltr'>Buconica</span> <span class='ocrx_word' id='word_1_2' title='bbox 729 288 801 342; x_wconf 81' lang='lat' dir='ltr'>1th</span> <span class='ocrx_word' id='word_1_3' title='bbox 821 289 884 343; x_wconf 79' lang='lat' dir='ltr'>VII.</span> <span class='ocrx_word' id='word_1_4' title='bbox 1097 298 1129 354; x_wconf 81' lang='lat'>17</span> 
     </span>
    </p>
   </div>
   <div class='ocr_carea' id='block_1_2' title="bbox 271 389 1126 2824">
    <p class='ocr_par' dir='ltr' id='par_1_2' title="bbox 279 389 1009 598">
     <span class='ocr_line' id='line_1_2' title="bbox 281 389 936 461; baseline 0.008 -18"><span class='ocrx_word' id='word_1_5' title='bbox 281 389 443 460; x_wconf 84' lang='lat' dir='ltr'>Exspectare</span> <span class='ocrx_word' id='word_1_6' title='bbox 455 396 498 444; x_wconf 87' lang='lat' dir='ltr'>sat</span> <span class='ocrx_word' id='word_1_7' title='bbox 510 398 568 455; x_wconf 87' lang='lat' dir='ltr'>est;</span> <span class='ocrx_word' id='word_1_8' title='bbox 586 397 673 444; x_wconf 88' lang='lat' dir='ltr'>custos</span> <span class='ocrx_word' id='word_1_9' title='bbox 686 407 713 444; x_wconf 85' lang='lat' dir='ltr'>es</span> <span class='ocrx_word' id='word_1_10' title='bbox 724 393 847 461; x_wconf 86' lang='lat' dir='ltr'>pauperis</span> <span class='ocrx_word' id='word_1_11' title='bbox 859 393 936 448; x_wconf 86' lang='lat' dir='ltr'>horti.</span> 
     </span>
     <span class='ocr_line' id='line_1_3' title="bbox 279 461 1009 530; baseline 0.005 -18"><span class='ocrx_word' id='word_1_12' title='bbox 279 461 307 512; x_wconf 86' lang='lat' dir='ltr'>N</span> <span class='ocrx_word' id='word_1_13' title='bbox 307 478 361 513; x_wconf 90' lang='lat' dir='ltr'>unc</span> <span class='ocrx_word' id='word_1_14' title='bbox 373 465 400 513; x_wconf 90' lang='lat' dir='ltr'>te</span> <span class='ocrx_word' id='word_1_15' title='bbox 412 474 588 513; x_wconf 87' lang='lat' dir='ltr'>marmoreum</span> <span class='ocrx_word' id='word_1_16' title='bbox 600 478 647 529; x_wconf 88' lang='lat' dir='ltr'>pro</span> <span class='ocrx_word' id='word_1_17' title='bbox 659 467 776 529; x_wconf 88' lang='lat' dir='ltr'>tempore</span> <span class='ocrx_word' id='word_1_18' title='bbox 788 461 912 526; x_wconf 81' lang='lat' dir='ltr'>lecimus3</span> <span class='ocrx_word' id='word_1_19' title='bbox 930 467 960 516; x_wconf 93' lang='lat' dir='ltr'>at</span> <span class='ocrx_word' id='word_1_20' title='bbox 972 468 1009 530; x_wconf 86' lang='lat' dir='ltr'>tu,</span> 
     </span>
     <span class='ocr_line' id='line_1_4' title="bbox 279 529 891 598; baseline 0.002 -15"><span class='ocrx_word' id='word_1_21' title='bbox 279 529 308 583; x_wconf 77' lang='lat' dir='ltr'>Si</span> <span class='ocrx_word' id='word_1_22' title='bbox 320 531 409 583; x_wconf 84' lang='lat' dir='ltr'>fetura</span> <span class='ocrx_word' id='word_1_23' title='bbox 420 547 528 598; x_wconf 82' lang='lat' dir='ltr'>gregem</span> <span class='ocrx_word' id='word_1_24' title='bbox 540 530 710 598; x_wconf 82' lang='lat' dir='ltr'>suppleverit,</span> <span class='ocrx_word' id='word_1_25' title='bbox 721 547 817 582; x_wconf 87' lang='lat' dir='ltr'>aureus</span> <span class='ocrx_word' id='word_1_26' title='bbox 829 538 891 584; x_wconf 90' lang='lat' dir='ltr'>esto.</span> 
     </span>
    </p>

    <p class='ocr_par' dir='ltr' id='par_1_3' title="bbox 303 599 1028 720">
     <span class='ocr_line' id='line_1_5' title="bbox 303 599 1028 720; baseline 0.001 -68"><span class='ocrx_word' id='word_1_27' title='bbox 303 599 368 652; x_wconf 78' lang='lat' dir='ltr'>(lon.</span> <span class='ocrx_word' id='word_1_28' title='bbox 386 600 484 652; x_wconf 84' lang='lat' dir='ltr'>Nerine</span> <span class='ocrx_word' id='word_1_29' title='bbox 498 599 614 667; x_wconf 78' lang='lat' dir='ltr'>Galatea,</span> <span class='ocrx_word' id='word_1_30' title='bbox 626 600 719 720; x_wconf 78' lang='lat' dir='ltr'>thymo</span> <span class='ocrx_word' id='word_1_31' title='bbox 731 600 797 650; x_wconf 94' lang='lat' dir='ltr'>mihi</span> <span class='ocrx_word' id='word_1_32' title='bbox 810 600 911 653; x_wconf 89' lang='lat' dir='ltr'>dulcior</span> <span class='ocrx_word' id='word_1_33' title='bbox 923 600 1028 669; x_wconf 83' lang='lat' dir='ltr'>Hyblae,</span> 
     </span>
    </p>

    <p class='ocr_par' dir='ltr' id='par_1_4' title="bbox 279 668 1126 876">
     <span class='ocr_line' id='line_1_6' title="bbox 279 668 866 737; baseline 0 -16"><span class='ocrx_word' id='word_1_34' title='bbox 279 668 422 721; x_wconf 77' lang='lat' dir='ltr'>Candidior</span> <span class='ocrx_word' id='word_1_35' title='bbox 434 668 531 737; x_wconf 84' lang='lat' dir='ltr'>cycnis,</span> <span class='ocrx_word' id='word_1_36' title='bbox 543 668 640 721; x_wconf 78' lang='lat' dir='ltr'>hedera</span> <span class='ocrx_word' id='word_1_37' title='bbox 663 669 787 721; x_wconf 90' lang='lat' dir='ltr'>ormosior</span> <span class='ocrx_word' id='word_1_38' title='bbox 798 668 866 736; x_wconf 86' lang='lat' dir='ltr'>alba,</span> 
     </span>
     <span class='ocr_line' id='line_1_7' title="bbox 280 737 942 807; baseline 0 -17"><span class='ocrx_word' id='word_1_39' title='bbox 280 738 370 802; x_wconf 83' lang='lat' dir='ltr'>Quum</span> <span class='ocrx_word' id='word_1_40' title='bbox 381 738 496 807; x_wconf 89' lang='lat' dir='ltr'>primum</span> <span class='ocrx_word' id='word_1_41' title='bbox 508 738 579 806; x_wconf 89' lang='lat' dir='ltr'>pasti</span> <span class='ocrx_word' id='word_1_42' title='bbox 591 743 713 805; x_wconf 86' lang='lat' dir='ltr'>repetent</span> <span class='ocrx_word' id='word_1_43' title='bbox 723 738 851 807; x_wconf 87' lang='lat' dir='ltr'>praesepia</span> <span class='ocrx_word' id='word_1_44' title='bbox 863 737 942 806; x_wconf 86' lang='lat' dir='ltr'>tauri,</span> 
     </span>
     <span class='ocr_line' id='line_1_8' title="bbox 279 806 1126 876; baseline -0.001 -16"><span class='ocrx_word' id='word_1_45' title='bbox 279 807 307 860; x_wconf 79' lang='lat' dir='ltr'>si</span> <span class='ocrx_word' id='word_1_46' title='bbox 320 824 374 876; x_wconf 87' lang='lat' dir='ltr'>qua</span> <span class='ocrx_word' id='word_1_47' title='bbox 386 807 427 859; x_wconf 90' lang='lat' dir='ltr'>tui</span> <span class='ocrx_word' id='word_1_48' title='bbox 440 806 583 875; x_wconf 82' lang='lat' dir='ltr'>Corydonis</span> <span class='ocrx_word' id='word_1_49' title='bbox 595 806 675 859; x_wconf 87' lang='lat' dir='ltr'>habet</span> <span class='ocrx_word' id='word_1_50' title='bbox 688 812 715 858; x_wconf 90' lang='lat' dir='ltr'>te</span> <span class='ocrx_word' id='word_1_51' title='bbox 727 823 799 866; x_wconf 82' lang='lat' dir='ltr'>cura.</span> <span class='ocrx_word' id='word_1_52' title='bbox 811 807 907 861; x_wconf 80' lang='lat' dir='ltr'>venito.</span> <span class='ocrx_word' id='word_1_53' title='bbox 1093 812 1126 859; x_wconf 69' lang='lat'>40</span> 
     </span>
    </p>

    <p class='ocr_par' dir='ltr' id='par_1_5' title="bbox 277 875 1075 1082">
     <span class='ocr_line' id='line_1_9' title="bbox 300 875 1075 945; baseline -0.003 -17"><span class='ocrx_word' id='word_1_54' title='bbox 300 877 373 929; x_wconf 73' lang='lat' dir='ltr'>Tur.</span> <span class='ocrx_word' id='word_1_55' title='bbox 391 877 475 928; x_wconf 91' lang='lat' dir='ltr'>Immo</span> <span class='ocrx_word' id='word_1_56' title='bbox 488 892 535 943; x_wconf 82' lang='lat' dir='ltr'>ego</span> <span class='ocrx_word' id='word_1_57' title='bbox 548 875 680 928; x_wconf 82' lang='lat' dir='ltr'>Sardoniis</span> <span class='ocrx_word' id='word_1_58' title='bbox 692 875 782 929; x_wconf 80' lang='lat' dir='ltr'>ridear</span> <span class='ocrx_word' id='word_1_59' title='bbox 793 877 842 928; x_wconf 87' lang='lat' dir='ltr'>tibi</span> <span class='ocrx_word' id='word_1_60' title='bbox 854 877 968 930; x_wconf 88' lang='lat' dir='ltr'>amarior</span> <span class='ocrx_word' id='word_1_61' title='bbox 980 877 1075 945; x_wconf 75' lang='lat' dir='ltr'>herbis,</span> 
     </span>
     <span class='ocr_line' id='line_1_10' title="bbox 278 943 812 1064; baseline -0.007 -66"><span class='ocrx_word' id='word_1_62' title='bbox 278 944 418 998; x_wconf 89' lang='lat' dir='ltr'>Horridior</span> <span class='ocrx_word' id='word_1_63' title='bbox 429 962 512 1012; x_wconf 88' lang='lat' dir='ltr'>rusco,</span> <span class='ocrx_word' id='word_1_64' title='bbox 525 946 643 1064; x_wconf 82' lang='lat' dir='ltr'>projecta</span> <span class='ocrx_word' id='word_1_65' title='bbox 654 943 732 998; x_wconf 82' lang='lat' dir='ltr'>vilior</span> <span class='ocrx_word' id='word_1_66' title='bbox 743 943 812 1011; x_wconf 83' lang='lat' dir='ltr'>alga,</span> 
     </span>
     <span class='ocr_line' id='line_1_11' title="bbox 277 1013 969 1082; baseline 0.003 -16"><span class='ocrx_word' id='word_1_67' title='bbox 277 1013 306 1067; x_wconf 80' lang='lat' dir='ltr'>si</span> <span class='ocrx_word' id='word_1_68' title='bbox 318 1014 387 1066; x_wconf 91' lang='lat' dir='ltr'>mihi</span> <span class='ocrx_word' id='word_1_69' title='bbox 399 1032 451 1067; x_wconf 91' lang='lat' dir='ltr'>non</span> <span class='ocrx_word' id='word_1_70' title='bbox 463 1015 520 1066; x_wconf 85' lang='lat' dir='ltr'>haec</span> <span class='ocrx_word' id='word_1_71' title='bbox 543 1031 581 1065; x_wconf 86' lang='lat' dir='ltr'>ux</span> <span class='ocrx_word' id='word_1_72' title='bbox 593 1019 649 1066; x_wconf 89' lang='lat' dir='ltr'>toto</span> <span class='ocrx_word' id='word_1_73' title='bbox 658 1015 716 1082; x_wconf 90' lang='lat' dir='ltr'>jam</span> <span class='ocrx_word' id='word_1_74' title='bbox 728 1013 829 1080; x_wconf 84' lang='lat' dir='ltr'>longior</span> <span class='ocrx_word' id='word_1_75' title='bbox 841 1030 910 1067; x_wconf 90' lang='lat' dir='ltr'>anno</span> <span class='ocrx_word' id='word_1_76' title='bbox 922 1023 969 1068; x_wconf 85' lang='lat' dir='ltr'>est.</span> 
     </span>
    </p>

    <p class='ocr_par' dir='ltr' id='par_1_6' title="bbox 278 1082 917 1152">
     <span class='ocr_line' id='line_1_12' title="bbox 278 1082 917 1152; baseline 0 -17"><span class='ocrx_word' id='word_1_77' title='bbox 278 1083 322 1136; x_wconf 87' lang='lat' dir='ltr'>Ite</span> <span class='ocrx_word' id='word_1_78' title='bbox 334 1084 442 1136; x_wconf 92' lang='lat' dir='ltr'>domum</span> <span class='ocrx_word' id='word_1_79' title='bbox 454 1083 531 1152; x_wconf 88' lang='lat' dir='ltr'>pasti,</span> <span class='ocrx_word' id='word_1_80' title='bbox 544 1083 566 1134; x_wconf 95' lang='lat' dir='ltr'>si</span> <span class='ocrx_word' id='word_1_81' title='bbox 578 1083 637 1151; x_wconf 88' lang='lat' dir='ltr'>quis</span> <span class='ocrx_word' id='word_1_82' title='bbox 650 1082 742 1152; x_wconf 87' lang='lat' dir='ltr'>pudor,</span> <span class='ocrx_word' id='word_1_83' title='bbox 754 1082 792 1135; x_wconf 88' lang='lat' dir='ltr'>ite</span> <span class='ocrx_word' id='word_1_84' title='bbox 801 1083 917 1149; x_wconf 82' lang='lat' dir='ltr'>juvenci.</span> 
     </span>
    </p>

    <p class='ocr_par' dir='ltr' id='par_1_7' title="bbox 301 1151 959 1219">
     <span class='ocr_line' id='line_1_13' title="bbox 301 1151 959 1219; baseline -0.003 -14"><span class='ocrx_word' id='word_1_85' title='bbox 301 1153 366 1206; x_wconf 78' lang='lat' dir='ltr'>Gon.</span> <span class='ocrx_word' id='word_1_86' title='bbox 384 1153 500 1205; x_wconf 77' lang='lat' dir='ltr'>Muscosi</span> <span class='ocrx_word' id='word_1_87' title='bbox 511 1153 605 1219; x_wconf 83' lang='lat' dir='ltr'>fontes,</span> <span class='ocrx_word' id='word_1_88' title='bbox 618 1160 645 1203; x_wconf 87' lang='lat' dir='ltr'>et</span> <span class='ocrx_word' id='word_1_89' title='bbox 657 1169 746 1203; x_wconf 91' lang='lat' dir='ltr'>somno</span> <span class='ocrx_word' id='word_1_90' title='bbox 757 1151 861 1204; x_wconf 90' lang='lat' dir='ltr'>mollior</span> <span class='ocrx_word' id='word_1_91' title='bbox 872 1151 959 1218; x_wconf 86' lang='lat' dir='ltr'>herba,</span> 
     </span>
    </p>

    <p class='ocr_par' dir='ltr' id='par_1_8' title="bbox 275 1219 945 1427">
     <span class='ocr_line' id='line_1_14' title="bbox 276 1219 931 1291; baseline -0.003 -17"><span class='ocrx_word' id='word_1_92' title='bbox 276 1220 313 1274; x_wconf 83' lang='lat' dir='ltr'>Et</span> <span class='ocrx_word' id='word_1_93' title='bbox 324 1239 386 1291; x_wconf 87' lang='lat' dir='ltr'>quae</span> <span class='ocrx_word' id='word_1_94' title='bbox 398 1239 442 1274; x_wconf 85' lang='lat' dir='ltr'>vos</span> <span class='ocrx_word' id='word_1_95' title='bbox 454 1239 513 1274; x_wconf 89' lang='lat' dir='ltr'>rara</span> <span class='ocrx_word' id='word_1_96' title='bbox 525 1221 616 1274; x_wconf 86' lang='lat' dir='ltr'>viridis</span> <span class='ocrx_word' id='word_1_97' title='bbox 628 1221 697 1289; x_wconf 84' lang='lat' dir='ltr'>tegit</span> <span class='ocrx_word' id='word_1_98' title='bbox 708 1219 819 1273; x_wconf 89' lang='lat' dir='ltr'>arbutus</span> <span class='ocrx_word' id='word_1_99' title='bbox 830 1220 931 1284; x_wconf 86' lang='lat' dir='ltr'>umbra,</span> 
     </span>
     <span class='ocr_line' id='line_1_15' title="bbox 276 1289 935 1360; baseline -0.003 -17"><span class='ocrx_word' id='word_1_100' title='bbox 276 1289 428 1343; x_wconf 81' lang='lat' dir='ltr'>Solstitium</span> <span class='ocrx_word' id='word_1_101' title='bbox 439 1291 525 1359; x_wconf 86' lang='lat' dir='ltr'>pecori</span> <span class='ocrx_word' id='word_1_102' title='bbox 537 1291 671 1343; x_wconf 84' lang='lat' dir='ltr'>defendite</span> <span class='ocrx_word' id='word_1_103' title='bbox 681 1309 689 1354; x_wconf 91' lang='lat'>;</span> <span class='ocrx_word' id='word_1_104' title='bbox 702 1293 761 1360; x_wconf 88' lang='lat' dir='ltr'>jam</span> <span class='ocrx_word' id='word_1_105' title='bbox 773 1290 847 1342; x_wconf 86' lang='lat' dir='ltr'>venit</span> <span class='ocrx_word' id='word_1_106' title='bbox 858 1299 935 1342; x_wconf 85' lang='lat' dir='ltr'>aestas</span> 
     </span>
     <span class='ocr_line' id='line_1_16' title="bbox 275 1358 945 1427; baseline -0.003 -15"><span class='ocrx_word' id='word_1_107' title='bbox 275 1358 394 1427; x_wconf 77' lang='lat' dir='ltr'>Porrida,</span> <span class='ocrx_word' id='word_1_108' title='bbox 403 1361 459 1427; x_wconf 85' lang='lat' dir='ltr'>jam</span> <span class='ocrx_word' id='word_1_109' title='bbox 472 1361 533 1412; x_wconf 88' lang='lat' dir='ltr'>laeto</span> <span class='ocrx_word' id='word_1_110' title='bbox 544 1365 654 1427; x_wconf 88' lang='lat' dir='ltr'>turgent</span> <span class='ocrx_word' id='word_1_111' title='bbox 665 1359 694 1410; x_wconf 93' lang='lat' dir='ltr'>in</span> <span class='ocrx_word' id='word_1_112' title='bbox 707 1359 816 1427; x_wconf 88' lang='lat' dir='ltr'>palmite</span> <span class='ocrx_word' id='word_1_113' title='bbox 828 1375 945 1425; x_wconf 76' lang='lat' dir='ltr'>gemma.</span> 
     </span>
    </p>

    <p class='ocr_par' dir='ltr' id='par_1_9' title="bbox 275 1427 1123 1706">
     <span class='ocr_line' id='line_1_17' title="bbox 299 1427 1076 1497; baseline 0 -17"><span class='ocrx_word' id='word_1_114' title='bbox 299 1429 374 1482; x_wconf 73' lang='lat' dir='ltr'>Pur.</span> <span class='ocrx_word' id='word_1_115' title='bbox 392 1429 445 1481; x_wconf 88' lang='lat' dir='ltr'>Hic</span> <span class='ocrx_word' id='word_1_116' title='bbox 455 1430 537 1496; x_wconf 83' lang='lat' dir='ltr'>focus,</span> <span class='ocrx_word' id='word_1_117' title='bbox 550 1434 577 1481; x_wconf 84' lang='lat' dir='ltr'>et</span> <span class='ocrx_word' id='word_1_118' title='bbox 589 1429 665 1480; x_wconf 83' lang='lat' dir='ltr'>taedae</span> <span class='ocrx_word' id='word_1_119' title='bbox 678 1429 798 1497; x_wconf 87' lang='lat' dir='ltr'>pingues,</span> <span class='ocrx_word' id='word_1_120' title='bbox 810 1427 854 1478; x_wconf 89' lang='lat' dir='ltr'>hic</span> <span class='ocrx_word' id='word_1_121' title='bbox 866 1428 995 1496; x_wconf 87' lang='lat' dir='ltr'>plurimus</span> <span class='ocrx_word' id='word_1_122' title='bbox 1007 1427 1076 1496; x_wconf 87' lang='lat' dir='ltr'>ignis</span> 
     </span>
     <span class='ocr_line' id='line_1_18' title="bbox 275 1495 1123 1566; baseline 0 -16"><span class='ocrx_word' id='word_1_123' title='bbox 275 1495 393 1566; x_wconf 77' lang='lat' dir='ltr'>Semper,</span> <span class='ocrx_word' id='word_1_124' title='bbox 402 1506 429 1550; x_wconf 88' lang='lat' dir='ltr'>et</span> <span class='ocrx_word' id='word_1_125' title='bbox 441 1499 546 1550; x_wconf 82' lang='lat' dir='ltr'>assidua</span> <span class='ocrx_word' id='word_1_126' title='bbox 556 1504 643 1566; x_wconf 87' lang='lat' dir='ltr'>postes</span> <span class='ocrx_word' id='word_1_127' title='bbox 655 1498 768 1565; x_wconf 85' lang='lat' dir='ltr'>iuligine</span> <span class='ocrx_word' id='word_1_128' title='bbox 780 1497 863 1565; x_wconf 82' lang='lat' dir='ltr'>nigri:</span> <span class='ocrx_word' id='word_1_129' title='bbox 1089 1500 1123 1550; x_wconf 77' lang='lat'>50</span> 
     </span>
     <span class='ocr_line' id='line_1_19' title="bbox 275 1566 937 1634; baseline -0.002 -15"><span class='ocrx_word' id='word_1_130' title='bbox 275 1566 329 1619; x_wconf 92' lang='lat' dir='ltr'>Hic</span> <span class='ocrx_word' id='word_1_131' title='bbox 341 1573 448 1620; x_wconf 89' lang='lat' dir='ltr'>tantum</span> <span class='ocrx_word' id='word_1_132' title='bbox 459 1569 547 1621; x_wconf 86' lang='lat' dir='ltr'>Boreae</span> <span class='ocrx_word' id='word_1_133' title='bbox 556 1584 678 1619; x_wconf 86' lang='lat' dir='ltr'>curamus</span> <span class='ocrx_word' id='word_1_134' title='bbox 689 1567 795 1634; x_wconf 84' lang='lat' dir='ltr'>frigora,</span> <span class='ocrx_word' id='word_1_135' title='bbox 807 1572 937 1634; x_wconf 90' lang='lat' dir='ltr'>quantum</span> 
     </span>
     <span class='ocr_line' id='line_1_20' title="bbox 275 1635 990 1706; baseline 0.006 -19"><span class='ocrx_word' id='word_1_136' title='bbox 275 1636 332 1689; x_wconf 84' lang='lat' dir='ltr'>Aut</span> <span class='ocrx_word' id='word_1_137' title='bbox 344 1653 483 1688; x_wconf 87' lang='lat' dir='ltr'>numerum</span> <span class='ocrx_word' id='word_1_138' title='bbox 495 1640 582 1706; x_wconf 90' lang='lat' dir='ltr'>lupus,</span> <span class='ocrx_word' id='word_1_139' title='bbox 594 1642 641 1689; x_wconf 92' lang='lat' dir='ltr'>aut</span> <span class='ocrx_word' id='word_1_140' title='bbox 653 1636 780 1689; x_wconf 87' lang='lat' dir='ltr'>torrentia</span> <span class='ocrx_word' id='word_1_141' title='bbox 791 1635 901 1688; x_wconf 88' lang='lat' dir='ltr'>flumina</span> <span class='ocrx_word' id='word_1_142' title='bbox 912 1636 990 1705; x_wconf 84' lang='lat' dir='ltr'>ripas.</span> 
     </span>
    </p>

    <p class='ocr_par' dir='ltr' id='par_1_10' title="bbox 299 1705 954 1774">
     <span class='ocr_line' id='line_1_21' title="bbox 299 1705 954 1774; baseline 0 -16"><span class='ocrx_word' id='word_1_143' title='bbox 299 1705 364 1758; x_wconf 78' lang='lat' dir='ltr'>(lon.</span> <span class='ocrx_word' id='word_1_144' title='bbox 383 1705 462 1758; x_wconf 82' lang='lat' dir='ltr'>Stant</span> <span class='ocrx_word' id='word_1_145' title='bbox 474 1711 501 1758; x_wconf 87' lang='lat' dir='ltr'>et</span> <span class='ocrx_word' id='word_1_146' title='bbox 509 1706 635 1774; x_wconf 87' lang='lat' dir='ltr'>juniperi,</span> <span class='ocrx_word' id='word_1_147' title='bbox 648 1712 674 1758; x_wconf 95' lang='lat' dir='ltr'>et</span> <span class='ocrx_word' id='word_1_148' title='bbox 687 1712 816 1758; x_wconf 86' lang='lat' dir='ltr'>castaneas</span> <span class='ocrx_word' id='word_1_149' title='bbox 828 1706 936 1758; x_wconf 83' lang='lat' dir='ltr'>hirsutae</span> <span class='ocrx_word' id='word_1_150' title='bbox 947 1725 954 1770; x_wconf 91' lang='lat'>;</span> 
     </span>
    </p>

    <p class='ocr_par' dir='ltr' id='par_1_11' title="bbox 273 1772 1019 1980">
     <span class='ocr_line' id='line_1_22' title="bbox 274 1772 1019 1844; baseline 0 -17"><span class='ocrx_word' id='word_1_151' title='bbox 274 1772 366 1827; x_wconf 80' lang='lat' dir='ltr'>Strata</span> <span class='ocrx_word' id='word_1_152' title='bbox 374 1776 466 1842; x_wconf 89' lang='lat' dir='ltr'>jacent</span> <span class='ocrx_word' id='word_1_153' title='bbox 477 1777 574 1842; x_wconf 91' lang='lat' dir='ltr'>passim</span> <span class='ocrx_word' id='word_1_154' title='bbox 587 1792 635 1827; x_wconf 86' lang='lat' dir='ltr'>sua</span> <span class='ocrx_word' id='word_1_155' title='bbox 646 1792 752 1844; x_wconf 89' lang='lat' dir='ltr'>quaque</span> <span class='ocrx_word' id='word_1_156' title='bbox 763 1774 812 1826; x_wconf 91' lang='lat' dir='ltr'>sub</span> <span class='ocrx_word' id='word_1_157' title='bbox 824 1774 913 1827; x_wconf 87' lang='lat' dir='ltr'>arbore</span> <span class='ocrx_word' id='word_1_158' title='bbox 925 1793 1002 1844; x_wconf 89' lang='lat' dir='ltr'>poma</span> <span class='ocrx_word' id='word_1_159' title='bbox 1012 1794 1019 1840; x_wconf 77' lang='lat'>3</span> 
     </span>
     <span class='ocr_line' id='line_1_23' title="bbox 275 1843 901 1912; baseline 0 -16"><span class='ocrx_word' id='word_1_160' title='bbox 275 1843 373 1896; x_wconf 82' lang='lat' dir='ltr'>Omnia</span> <span class='ocrx_word' id='word_1_161' title='bbox 384 1861 455 1896; x_wconf 91' lang='lat' dir='ltr'>nunc</span> <span class='ocrx_word' id='word_1_162' title='bbox 467 1844 569 1896; x_wconf 89' lang='lat' dir='ltr'>rident:</span> <span class='ocrx_word' id='word_1_163' title='bbox 588 1849 625 1912; x_wconf 89' lang='lat' dir='ltr'>at,</span> <span class='ocrx_word' id='word_1_164' title='bbox 638 1845 659 1896; x_wconf 92' lang='lat' dir='ltr'>si</span> <span class='ocrx_word' id='word_1_165' title='bbox 670 1845 798 1896; x_wconf 83' lang='lat' dir='ltr'>formosus</span> <span class='ocrx_word' id='word_1_166' title='bbox 810 1844 901 1896; x_wconf 80' lang='lat' dir='ltr'>Alexis</span> 
     </span>
     <span class='ocr_line' id='line_1_24' title="bbox 273 1911 908 1980; baseline 0 -15"><span class='ocrx_word' id='word_1_167' title='bbox 273 1911 412 1965; x_wconf 86' lang='lat' dir='ltr'>Montibus</span> <span class='ocrx_word' id='word_1_168' title='bbox 424 1913 466 1966; x_wconf 88' lang='lat' dir='ltr'>his</span> <span class='ocrx_word' id='word_1_169' title='bbox 478 1911 562 1980; x_wconf 85' lang='lat' dir='ltr'>abeat,</span> <span class='ocrx_word' id='word_1_170' title='bbox 572 1914 660 1966; x_wconf 87' lang='lat' dir='ltr'>videas</span> <span class='ocrx_word' id='word_1_171' title='bbox 673 1919 700 1966; x_wconf 87' lang='lat' dir='ltr'>et</span> <span class='ocrx_word' id='word_1_172' title='bbox 711 1915 822 1966; x_wconf 88' lang='lat' dir='ltr'>flumina</span> <span class='ocrx_word' id='word_1_173' title='bbox 834 1915 908 1966; x_wconf 87' lang='lat' dir='ltr'>sicca.</span> 
     </span>
    </p>

    <p class='ocr_par' dir='ltr' id='par_1_12' title="bbox 296 1981 1009 2051">
     <span class='ocr_line' id='line_1_25' title="bbox 296 1981 1009 2051; baseline 0.001 -17"><span class='ocrx_word' id='word_1_174' title='bbox 296 1981 370 2035; x_wconf 77' lang='lat' dir='ltr'>Pur.</span> <span class='ocrx_word' id='word_1_175' title='bbox 387 1983 453 2034; x_wconf 85' lang='lat' dir='ltr'>Aret</span> <span class='ocrx_word' id='word_1_176' title='bbox 464 2000 526 2051; x_wconf 86' lang='lat' dir='ltr'>ager</span> <span class='ocrx_word' id='word_1_177' title='bbox 537 2002 543 2046; x_wconf 89' lang='lat'><strong>;</strong></span> <span class='ocrx_word' id='word_1_178' title='bbox 562 1983 627 2035; x_wconf 87' lang='lat' dir='ltr'>vitio</span> <span class='ocrx_word' id='word_1_179' title='bbox 638 1984 751 2035; x_wconf 89' lang='lat' dir='ltr'>moriens</span> <span class='ocrx_word' id='word_1_180' title='bbox 764 1983 821 2034; x_wconf 91' lang='lat' dir='ltr'>sitit</span> <span class='ocrx_word' id='word_1_181' title='bbox 832 1983 901 2035; x_wconf 69' lang='lat' dir='ltr'>aeris</span> <span class='ocrx_word' id='word_1_182' title='bbox 913 1981 994 2035; x_wconf 88' lang='lat' dir='ltr'>herba</span> <span class='ocrx_word' id='word_1_183' title='bbox 1000 2001 1009 2048; x_wconf 91' lang='lat'>;</span> 
     </span>
    </p>

    <p class='ocr_par' dir='ltr' id='par_1_13' title="bbox 272 2050 1118 2259">
     <span class='ocr_line' id='line_1_26' title="bbox 273 2050 882 2120; baseline 0.005 -18"><span class='ocrx_word' id='word_1_184' title='bbox 273 2050 352 2103; x_wconf 84' lang='lat' dir='ltr'>hiber</span> <span class='ocrx_word' id='word_1_185' title='bbox 364 2052 516 2120; x_wconf 90' lang='lat' dir='ltr'>pampineas</span> <span class='ocrx_word' id='word_1_186' title='bbox 529 2052 626 2105; x_wconf 88' lang='lat' dir='ltr'>invidit</span> <span class='ocrx_word' id='word_1_187' title='bbox 639 2052 749 2104; x_wconf 88' lang='lat' dir='ltr'>collibus</span> <span class='ocrx_word' id='word_1_188' title='bbox 760 2051 882 2105; x_wconf 85' lang='lat' dir='ltr'>umbras:</span> 
     </span>
     <span class='ocr_line' id='line_1_27' title="bbox 272 2119 958 2188; baseline 0.004 -17"><span class='ocrx_word' id='word_1_189' title='bbox 272 2119 406 2188; x_wconf 84' lang='lat' dir='ltr'>Phyllidis</span> <span class='ocrx_word' id='word_1_190' title='bbox 418 2121 535 2174; x_wconf 81' lang='lat' dir='ltr'>adventu</span> <span class='ocrx_word' id='word_1_191' title='bbox 546 2127 642 2174; x_wconf 76' lang='lat' dir='ltr'>nostra</span> <span class='ocrx_word' id='word_1_192' title='bbox 654 2139 747 2174; x_wconf 85' lang='lat' dir='ltr'>nemus</span> <span class='ocrx_word' id='word_1_193' title='bbox 759 2139 834 2174; x_wconf 91' lang='lat' dir='ltr'>omne</span> <span class='ocrx_word' id='word_1_194' title='bbox 846 2120 941 2174; x_wconf 88' lang='lat' dir='ltr'>virebit</span> <span class='ocrx_word' id='word_1_195' title='bbox 951 2139 958 2185; x_wconf 77' lang='lat'>3</span> 
     </span>
     <span class='ocr_line' id='line_1_28' title="bbox 272 2189 1118 2259; baseline 0 -17"><span class='ocrx_word' id='word_1_196' title='bbox 272 2189 384 2258; x_wconf 88' lang='lat' dir='ltr'>Jupiter</span> <span class='ocrx_word' id='word_1_197' title='bbox 396 2195 423 2242; x_wconf 89' lang='lat' dir='ltr'>et</span> <span class='ocrx_word' id='word_1_198' title='bbox 434 2190 495 2243; x_wconf 87' lang='lat' dir='ltr'>laeto</span> <span class='ocrx_word' id='word_1_199' title='bbox 507 2191 647 2243; x_wconf 87' lang='lat' dir='ltr'>descendet</span> <span class='ocrx_word' id='word_1_200' title='bbox 659 2192 789 2259; x_wconf 87' lang='lat' dir='ltr'>plurimus</span> <span class='ocrx_word' id='word_1_201' title='bbox 802 2191 885 2243; x_wconf 90' lang='lat' dir='ltr'>imbri.</span> <span class='ocrx_word' id='word_1_202' title='bbox 1084 2193 1118 2242; x_wconf 91' lang='grc'>60</span> 
     </span>
    </p>

    <p class='ocr_par' dir='ltr' id='par_1_14' title="bbox 272 2258 966 2397">
     <span class='ocr_line' id='line_1_29' title="bbox 296 2258 966 2328; baseline 0.001 -18"><span class='ocrx_word' id='word_1_203' title='bbox 296 2259 361 2311; x_wconf 80' lang='lat' dir='ltr'>Oen.</span> <span class='ocrx_word' id='word_1_204' title='bbox 380 2258 496 2328; x_wconf 90' lang='lat' dir='ltr'>Populus</span> <span class='ocrx_word' id='word_1_205' title='bbox 508 2260 608 2313; x_wconf 83' lang='lat' dir='ltr'>Aloidae</span> <span class='ocrx_word' id='word_1_206' title='bbox 621 2261 851 2328; x_wconf 65' lang='lat' dir='ltr'>gratissimarum</span> <span class='ocrx_word' id='word_1_207' title='bbox 864 2259 966 2326; x_wconf 88' lang='lat' dir='ltr'>Iaccho,</span> 
     </span>
     <span class='ocr_line' id='line_1_30' title="bbox 272 2326 924 2397; baseline 0.002 -17"><span class='ocrx_word' id='word_1_208' title='bbox 272 2326 405 2380; x_wconf 82' lang='lat' dir='ltr'>Formosae</span> <span class='ocrx_word' id='word_1_209' title='bbox 416 2335 519 2396; x_wconf 87' lang='lat' dir='ltr'>myrtus</span> <span class='ocrx_word' id='word_1_210' title='bbox 531 2330 635 2397; x_wconf 82' lang='lat' dir='ltr'>Veneri,</span> <span class='ocrx_word' id='word_1_211' title='bbox 648 2348 696 2383; x_wconf 90' lang='lat' dir='ltr'>sua</span> <span class='ocrx_word' id='word_1_212' title='bbox 707 2330 798 2383; x_wconf 89' lang='lat' dir='ltr'>laurea</span> <span class='ocrx_word' id='word_1_213' title='bbox 810 2328 924 2382; x_wconf 83' lang='lat' dir='ltr'>Phoebo:</span> 
     </span>
    </p>

    <p class='ocr_par' dir='ltr' id='par_1_15' title="bbox 271 2396 979 2536">
     <span class='ocr_line' id='line_1_31' title="bbox 272 2396 979 2467; baseline 0.003 -19"><span class='ocrx_word' id='word_1_214' title='bbox 272 2396 377 2465; x_wconf 92' lang='lat' dir='ltr'>Phyllis</span> <span class='ocrx_word' id='word_1_215' title='bbox 389 2405 462 2451; x_wconf 87' lang='lat' dir='ltr'>amat</span> <span class='ocrx_word' id='word_1_216' title='bbox 474 2399 592 2464; x_wconf 88' lang='lat' dir='ltr'>corulos;</span> <span class='ocrx_word' id='word_1_217' title='bbox 609 2400 668 2451; x_wconf 86' lang='lat' dir='ltr'>illas</span> <span class='ocrx_word' id='word_1_218' title='bbox 682 2401 746 2451; x_wconf 93' lang='lat' dir='ltr'>dum</span> <span class='ocrx_word' id='word_1_219' title='bbox 758 2399 861 2467; x_wconf 86' lang='lat' dir='ltr'>Phyllis</span> <span class='ocrx_word' id='word_1_220' title='bbox 872 2397 979 2465; x_wconf 90' lang='lat' dir='ltr'>amabit,</span> 
     </span>
     <span class='ocr_line' id='line_1_32' title="bbox 271 2465 941 2536; baseline 0.003 -18"><span class='ocrx_word' id='word_1_221' title='bbox 271 2465 297 2518; x_wconf 88' lang='lat' dir='ltr'>N</span> <span class='ocrx_word' id='word_1_222' title='bbox 299 2484 330 2519; x_wconf 87' lang='lat' dir='ltr'>cc</span> <span class='ocrx_word' id='word_1_223' title='bbox 342 2473 446 2535; x_wconf 87' lang='lat' dir='ltr'>myrtus</span> <span class='ocrx_word' id='word_1_224' title='bbox 458 2468 546 2521; x_wconf 86' lang='lat' dir='ltr'>vincet</span> <span class='ocrx_word' id='word_1_225' title='bbox 558 2468 667 2536; x_wconf 88' lang='lat' dir='ltr'>corulos,</span> <span class='ocrx_word' id='word_1_226' title='bbox 679 2487 727 2521; x_wconf 91' lang='lat' dir='ltr'>nec</span> <span class='ocrx_word' id='word_1_227' title='bbox 739 2469 829 2521; x_wconf 86' lang='lat' dir='ltr'>laurea</span> <span class='ocrx_word' id='word_1_228' title='bbox 841 2466 941 2520; x_wconf 82' lang='lat' dir='ltr'>Phoebi.</span> 
     </span>
    </p>

    <p class='ocr_par' dir='ltr' id='par_1_16' title="bbox 271 2536 1070 2674">
     <span class='ocr_line' id='line_1_33' title="bbox 294 2536 1070 2607; baseline 0.003 -20"><span class='ocrx_word' id='word_1_229' title='bbox 294 2536 368 2589; x_wconf 76' lang='lat' dir='ltr'>Pur.</span> <span class='ocrx_word' id='word_1_230' title='bbox 386 2537 517 2590; x_wconf 76' lang='lat' dir='ltr'>Fraxinus</span> <span class='ocrx_word' id='word_1_231' title='bbox 528 2538 557 2590; x_wconf 91' lang='lat' dir='ltr'>in</span> <span class='ocrx_word' id='word_1_232' title='bbox 569 2539 641 2590; x_wconf 88' lang='lat' dir='ltr'>silvis</span> <span class='ocrx_word' id='word_1_233' title='bbox 654 2539 837 2607; x_wconf 85' lang='lat' dir='ltr'>pulcherrima,</span> <span class='ocrx_word' id='word_1_234' title='bbox 849 2538 928 2606; x_wconf 93' lang='lat' dir='ltr'>pinus</span> <span class='ocrx_word' id='word_1_235' title='bbox 939 2537 968 2589; x_wconf 92' lang='lat' dir='ltr'>in</span> <span class='ocrx_word' id='word_1_236' title='bbox 980 2537 1070 2605; x_wconf 87' lang='lat' dir='ltr'>hortis,</span> 
     </span>
     <span class='ocr_line' id='line_1_34' title="bbox 271 2604 894 2674; baseline 0.005 -18"><span class='ocrx_word' id='word_1_237' title='bbox 271 2604 390 2674; x_wconf 88' lang='lat' dir='ltr'>Populus</span> <span class='ocrx_word' id='word_1_238' title='bbox 403 2605 431 2656; x_wconf 91' lang='lat' dir='ltr'>in</span> <span class='ocrx_word' id='word_1_239' title='bbox 442 2606 537 2673; x_wconf 84' lang='lat' dir='ltr'>fluviis,</span> <span class='ocrx_word' id='word_1_240' title='bbox 549 2608 619 2660; x_wconf 88' lang='lat' dir='ltr'>abies</span> <span class='ocrx_word' id='word_1_241' title='bbox 632 2609 660 2658; x_wconf 93' lang='lat' dir='ltr'>in</span> <span class='ocrx_word' id='word_1_242' title='bbox 671 2607 805 2659; x_wconf 86' lang='lat' dir='ltr'>montibus</span> <span class='ocrx_word' id='word_1_243' title='bbox 817 2607 894 2660; x_wconf 83' lang='lat' dir='ltr'>altis:</span> 
     </span>
    </p>

    <p class='ocr_par' dir='ltr' id='par_1_17' title="bbox 271 2673 933 2824">
     <span class='ocr_line' id='line_1_35' title="bbox 271 2673 867 2746; baseline 0.003 -19"><span class='ocrx_word' id='word_1_244' title='bbox 271 2673 374 2743; x_wconf 82' lang='lat' dir='ltr'>Saepius</span> <span class='ocrx_word' id='word_1_245' title='bbox 386 2680 415 2727; x_wconf 98' lang='lat' dir='ltr'>at</span> <span class='ocrx_word' id='word_1_246' title='bbox 427 2675 448 2727; x_wconf 90' lang='lat' dir='ltr'>si</span> <span class='ocrx_word' id='word_1_247' title='bbox 459 2694 509 2744; x_wconf 86' lang='lat' dir='ltr'>mo,</span> <span class='ocrx_word' id='word_1_248' title='bbox 522 2677 620 2745; x_wconf 88' lang='lat' dir='ltr'>Lycida</span> <span class='ocrx_word' id='word_1_249' title='bbox 633 2677 751 2746; x_wconf 80' lang='lat' dir='ltr'>formose,</span> <span class='ocrx_word' id='word_1_250' title='bbox 763 2677 867 2745; x_wconf 88' lang='lat' dir='ltr'>revisas,</span> 
     </span>
     <span class='ocr_line' id='line_1_36' title="bbox 271 2744 933 2824; baseline 0.014 -28"><span class='ocrx_word' id='word_1_251' title='bbox 271 2744 405 2796; x_wconf 81' lang='lat' dir='ltr'>Fraxinus</span> <span class='ocrx_word' id='word_1_252' title='bbox 415 2744 443 2795; x_wconf 88' lang='lat' dir='ltr'>in</span> <span class='ocrx_word' id='word_1_253' title='bbox 455 2746 527 2798; x_wconf 73' lang='lat' dir='ltr'>silvis</span> <span class='ocrx_word' id='word_1_254' title='bbox 538 2747 615 2801; x_wconf 86' lang='lat' dir='ltr'>cedat</span> <span class='ocrx_word' id='word_1_255' title='bbox 629 2745 687 2820; x_wconf 84' lang='lat' dir='ltr'>tibi,</span> <span class='ocrx_word' id='word_1_256' title='bbox 700 2748 782 2824; x_wconf 88' lang='lat' dir='ltr'>pinus</span> <span class='ocrx_word' id='word_1_257' title='bbox 794 2749 825 2806; x_wconf 87' lang='lat' dir='ltr'>in</span> <span class='ocrx_word' id='word_1_258' title='bbox 834 2747 933 2807; x_wconf 79' lang='lat' dir='ltr'>hortis.</span> 
     </span>
    </p>
   </div>
   <div class='ocr_carea' id='block_1_3' title="bbox 284 2812 1157 2907">
    <p class='ocr_par' dir='ltr' id='par_1_18' title="bbox 284 2812 1157 2907">
     <span class='ocr_line' id='line_1_37' title="bbox 284 2812 1157 2907; baseline 0.042 -48"><span class='ocrx_word' id='word_1_259' title='bbox 284 2813 357 2861; x_wconf 68' lang='lat' dir='ltr'>Mm</span> <span class='ocrx_word' id='word_1_260' title='bbox 368 2812 561 2888; x_wconf 72' lang='lat' dir='ltr'>Haememinr’,</span> <span class='ocrx_word' id='word_1_261' title='bbox 570 2825 598 2874; x_wconf 83' lang='lat' dir='ltr'>et</span> <span class='ocrx_word' id='word_1_262' title='bbox 610 2822 719 2882; x_wconf 83' lang='lat' dir='ltr'>victum</span> <span class='ocrx_word' id='word_1_263' title='bbox 728 2827 835 2885; x_wconf 81' lang='lat' dir='ltr'>frustra</span> <span class='ocrx_word' id='word_1_264' title='bbox 845 2816 1157 2907; x_wconf 32' lang='lat' dir='ltr'>conterraneum&amp;-</span> 
     </span>
    </p>
   </div>
   <div class='ocr_carea' id='block_1_4' title="bbox 246 2874 1166 3033">
    <p class='ocr_par' dir='ltr' id='par_1_19' title="bbox 246 2874 1166 3033">
     <span class='ocr_line' id='line_1_38' title="bbox 246 2874 1166 2982; baseline 0.075 -62"><span class='ocrx_word' id='word_1_265' title='bbox 246 2874 306 2935; x_wconf 75' lang='grc' dir='ltr'>[Ει</span> <span class='ocrx_word' id='word_1_266' title='bbox 313 2874 363 2927; x_wconf 80' lang='lat' dir='ltr'>illo</span> <span class='ocrx_word' id='word_1_267' title='bbox 377 2877 493 2961; x_wconf 70' lang='lat' dir='ltr'>Corydon</span> <span class='ocrx_word' id='word_1_268' title='bbox 510 2889 639 2963; x_wconf 78' lang='lat' dir='ltr'>Corydon</span> <span class='ocrx_word' id='word_1_269' title='bbox 654 2907 701 2958; x_wconf 88' lang='lat' dir='ltr'>est</span> <span class='ocrx_word' id='word_1_270' title='bbox 716 2911 850 2982; x_wconf 83' lang='lat' dir='ltr'>tempore</span> <span class='ocrx_word' id='word_1_271' title='bbox 863 2898 976 2974; x_wconf 63' lang='lat' dir='ltr'>natis-l</span> <span class='ocrx_word' id='word_1_272' title='bbox 1143 2886 1166 2941; x_wconf 61' lang='lat' dir='ltr'>rt</span> 
     </span>
     <span class='ocr_line' id='line_1_39' title="bbox 694 2995 711 3033; baseline 0.118 -1"><span class='ocrx_word' id='word_1_273' title='bbox 694 2995 711 3033; x_wconf 85' lang='lat' dir='ltr'>o</span> 
     </span>
    </p>
   </div>
   <div class='ocr_carea' id='block_1_5' title="bbox 0 0 1354 3242">
    <p class='ocr_par' dir='ltr' id='par_1_20' title="bbox 0 0 1354 3242">
     <span class='ocr_line' id='line_1_40' title="bbox 0 0 1354 3242; baseline 0 4"><span class='ocrx_word' id='word_1_274' title='bbox 0 0 1354 3242; x_wconf 95' lang='lat' dir='ltr'> </span> 
     </span>
    </p>
   </div>
  </div>
 </body>
</html>
