2700 3242
374 287 576 342 GEORGIOON
595 287 661 340 LIB.
681 287 732 340 III.
942 293 976 346 03

225 409 257 444 es
268 391 363 444 tollent
375 390 482 456 enimes,
494 389 634 458 prensique
645 388 781 455 negabunt

225 478 246 513 u
258 460 330 513 lente
342 460 399 528 pati
411 465 438 511 et
450 459 522 510 duris
535 474 625 526 parere
638 456 743 525 lupatis.

229 547 282 582 non
294 529 350 581 ulle
361 528 445 595 magis
457 528 525 579 vires
537 527 667 578 industria
679 526 774 593 finnet,

230 599 358 652 Venerem
370 604 397 649 et
410 597 474 648 ceeci
485 597 604 648 stimulos
616 601 733 647 avertere
745 596 847 664 amoris,
921 599 973 650 210

225 684 281 720 >um
293 667 347 720 sive
359 672 398 718 est
410 666 454 717 cui
465 666 563 733 gratior
574 681 637 716 usus
649 680 784 730 equorum.

230 737 289 789 ideo
301 742 390 788 tauros
401 735 492 803 procul
504 741 584 801 atque
596 734 624 784 in
638 733 693 783 sola
703 733 823 801 relegant

225 825 239 872 ι,
251 812 311 874 post
321 810 437 856 montem
450 803 598 871 oppositum
610 808 637 852 et
650 812 722 853 trans
734 802 844 856 flumina
855 803 919 871 lete,

227 880 271 926 tus
282 874 382 926 clausos
394 878 484 924 saturn
494 872 528 924 ed
540 871 667 939 praesepie
679 879 791 926 servent

233 943 304 995 enim
315 943 382 994 vires
394 940 524 1010 paulatim
536 940 642 1008 uritque
655 940 768 993 videndo

225 1029 257 1076 e;
275 1028 324 1064 nec
334 1027 471 1063 nemorum
482 1010 584 1078 patitur
595 1009 751 1076 meminisse,
763 1027 811 1062 nec
823 1010 917 1065 herber.

226 1098 259 1134 us
270 1080 318 1133 illu
328 1079 435 1148 quidem
447 1079 575 1130 illecebris
588 1085 615 1130 et
627 1094 696 1145 saepe
707 1079 830 1147 superbos

225 1168 256 1202 us
268 1149 338 1202 inter
349 1166 376 1202 se
388 1147 488 1215 subigit
499 1147 636 1199 decernere
649 1154 774 1202 amantes.

226 1237 252 1271 rr
263 1219 291 1269 in
302 1235 399 1285 mngnu
411 1217 467 1269 Sila
477 1216 589 1268 formose
598 1218 730 1282 juvenca:

226 1294 349 1340 eruentes
360 1286 447 1338 multa
458 1284 485 1338 vi
497 1286 589 1354 proelie
601 1285 713 1337 miscent
919 1289 971 1339 220

226 1356 287 1408 ibus
299 1355 395 1408 crebris
405 1374 412 1419 ;
430 1355 496 1407 lavit
508 1361 566 1406 ater
577 1370 685 1422 corpora
696 1354 809 1422 sanguis,

226 1443 262 1493 ,ue
273 1425 302 1476 in
314 1424 422 1477 obnixos
434 1429 562 1491 urgentur
574 1439 671 1474 cornua
683 1429 757 1475 vasto

226 1494 306 1546 emitu
318 1513 325 1557 ;
341 1493 452 1545 reboent
464 1493 587 1559 silvaeque
600 1497 627 1543 et
639 1491 731 1558 longus
745 1491 877 1562 Olympus

226 1562 386 1616 rebellantes
399 1579 453 1614 una
465 1561 610 1624 stabulare3
627 1561 671 1613 sed
684 1561 751 1613 ulter

233 1631 298 1699 abit,
310 1631 437 1700 longeque
449 1631 546 1698 ignotis
559 1630 664 1683 exsulat
676 1631 744 1696 oris;

226 1718 332 1769 gemens
343 1700 516 1768 ignominium
528 1699 671 1768 plngnsque
683 1701 787 1768 superbi

226 1769 742 1908 llwlltlilllillln

226 1909 279 1960 mni
291 1926 355 1960 cure
366 1907 434 1959 vires
446 1913 557 1974 exercet,
568 1913 596 1959 et
607 1908 678 1959 inter

226 1984 280 2030 icet
291 1993 392 2045 pernox
404 1977 516 2028 instrato
528 1993 592 2028 sexu
604 1975 692 2043 cubili,
917 1981 969 2032 230

225 2046 273 2098 bus
285 2046 393 2099 hirsutis
404 2050 431 2098 et
443 2046 527 2098 carice
539 2051 629 2113 pestus
641 2052 737 2109 acuta3

226 2121 261 2168 ut
272 2133 333 2182 sese,
346 2121 425 2182 atque
436 2115 512 2166 irasci
524 2115 553 2166 in
565 2132 661 2167 cornun
672 2114 759 2183 discit,

226 2202 233 2236 ι
245 2184 358 2237 obnixus
370 2190 470 2250 trunco,
482 2191 625 2252 ventosque
637 2185 742 2236 lucessit

247 2259 274 2305 et
287 2270 298 2305 s
387 2253 421 2305 ud
432 2270 550 2322 pugnum
562 2253 679 2321 proludit
691 2270 777 2306 erenn

227 2293 255 2374 bi
266 2339 296 2374 co
317 2329 405 2375 ectum
416 2323 495 2374 robur
506 2323 625 2390 viresque
636 2322 748 2385 referte,

227 2397 313 2456 novet,
326 2408 490 2459 praecepsque
502 2390 613 2443 oblitum
625 2391 711 2443 fertur
722 2391 750 2442 in
761 2391 878 2446 hostem:

227 2477 235 2511 s
248 2460 288 2512 uti
299 2461 385 2512 medio
397 2461 478 2528 ceepit
490 2476 571 2528 quum
583 2461 712 2512 albescere
724 2468 812 2528 ponto,

228 2546 285 2581 sex
298 2529 401 2596 altoque
414 2530 500 2581 einum
512 2530 614 2593 trahit;
632 2537 721 2597 utque,
734 2530 838 2582 volutus

227 2615 269 2663 rus,
282 2598 395 2650 immane
408 2605 483 2650 sonat
495 2617 541 2667 per
554 2617 624 2665 saxu,
634 2616 723 2666 neque
735 2599 790 2666 ipse

228 2666 313 2718 minor
325 2667 472 2735 procumbit
484 2687 491 2728 ;
509 2675 537 2720 at
549 2667 603 2720 ime
614 2674 743 2720 exaestuat
756 2669 829 2722 uude
916 2672 967 2722 ule

227 2734 278 2800 bus,
290 2735 443 2804 nigramque
454 2736 509 2792 alte
522 2736 655 2812 subjectat
667 2758 788 2798 urenuuu

227 2802 308 2854 sedeo
314 2821 403 2872 genus
413 2807 536 2870 interris
551 2812 759 2895 hominumque
771 2817 970 2883 {mumma
1017 2842 1022 2851 ·
