2700 3242
498 289 701 343 GEORGICON
720 290 786 344 LIB.
809 291 855 344 lV.
1071 295 1102 351 ll

251 389 357 442 Primus
370 406 430 443 vere
442 406 527 442 rosam
540 395 622 456 atque
633 396 777 442 auctumno
789 408 894 458 carpere
907 409 990 460 poma,

250 459 294 527 Ilt,
307 476 392 527 quum
405 459 489 510 tristis
501 459 585 510 hiems
597 459 678 510 etiarn
690 475 762 510 nunc
774 460 870 526 frigore
883 478 947 513 saxa

250 527 406 596 Rumperet,
420 533 448 580 et
459 528 545 595 glacie
557 543 647 579 cursus
659 528 775 580 frenaret
788 545 924 597 aquarum,

251 596 301 649 Ille
313 614 417 650 comam
429 597 516 649 mollis
525 598 583 664 jam
595 597 722 648 tondebat
734 596 880 665 hyacinthi,

250 665 384 718 AEstatem
396 666 558 734 increpitans
571 683 655 718 seram
668 665 854 734 Zephyrosque
865 673 1003 722 morantes

250 735 321 802 Ergo
334 735 431 803 apibus
443 735 505 787 fetis
518 735 588 786 idem
600 740 682 802 atque
693 735 815 786 examine
826 735 911 788 multo

251 803 358 856 Primus
370 803 515 871 abundare,
528 810 555 856 et
568 804 719 872 spumantia
731 821 822 870 cogere
834 805 927 873 pressis
1057 808 1105 856 lto

252 872 337 925 Mella
348 873 435 936 favis3
453 873 494 925 illi
507 873 572 925 tiliae
585 879 666 942 atque
679 872 810 924 uberrima
823 875 920 942 pinus;

253 943 376 1010 Quotque
389 942 418 993 in
429 941 492 994 floro
504 959 572 995 noro
584 943 668 1010 pomis
681 958 708 993 se
720 942 815 994 fertilis
827 943 902 995 arbos

253 1012 391 1078 Induerat,
404 1012 515 1064 totidem
527 1019 671 1063 auctumno
683 1016 789 1063 matura
801 1012 915 1066 tenebat.

254 1080 304 1133 Ille
316 1081 399 1133 etiam
412 1098 481 1133 seras
493 1081 522 1132 in
534 1097 639 1132 versum
651 1080 758 1132 distulit
768 1080 861 1148 ulmos,

253 1149 425 1218 Ilduramque
437 1150 525 1218 pirum
537 1155 564 1201 et
576 1150 664 1217 spinos
672 1151 731 1217 jam
742 1166 828 1217 pruna
839 1151 960 1218 ferentes,

253 1219 371 1286 Jamque
382 1219 580 1271 ministrantem
591 1218 732 1287 platanum
743 1219 897 1286 potantibus
908 1221 1021 1272 umbras.

255 1287 356 1340 Verum
367 1288 425 1340 haec
437 1289 493 1357 ipse
505 1288 634 1356 equidem,
648 1287 740 1356 spatiis
752 1288 874 1339 exclusus
887 1289 984 1356 iniquis

255 1357 395 1424 Praetereo,
407 1364 488 1426 atque
501 1358 560 1410 aliis
572 1364 632 1425 post
643 1373 686 1408 me
698 1357 868 1409 memoranda
880 1358 1006 1427 relinquo.

290 1427 372 1479 Nunc
384 1443 441 1495 age,
454 1432 563 1479 naturas
576 1426 669 1494 apibus
682 1443 747 1493 quas
759 1426 869 1494 Jupiter
877 1427 938 1495 ipse

256 1496 377 1563 Addidit,
390 1496 536 1565 expediam,
550 1512 596 1564 pro
609 1513 662 1562 qua
673 1495 799 1561 mercede,
813 1512 920 1548 canoros
1058 1501 1105 1547 150

257 1565 384 1617 Curetum
397 1565 498 1616 sonitus
510 1565 722 1632 crepitantiaque
734 1580 786 1616 aera
799 1570 903 1633 secutae,

257 1633 359 1686 Dictaeo
373 1634 432 1686 coeli
443 1651 532 1702 regem
544 1650 639 1702 pavere
652 1633 701 1685 sub
713 1639 796 1686 antro.

258 1703 324 1756 Solae
337 1720 488 1755 communes
499 1709 583 1770 natos,
596 1702 726 1754 consortia
739 1708 810 1754 tecta

259 1772 337 1824 Urbis
349 1772 456 1838 habent,
468 1771 623 1839 magnisque
636 1771 741 1838 agitant
754 1772 801 1823 sub
813 1772 916 1840 legibus
929 1790 1029 1835 aruum

259 1841 295 1894 llt
306 1842 421 1910 patriam
434 1841 494 1893 solae
506 1847 534 1892 et
546 1846 628 1892 certos
641 1857 737 1892 novere
748 1848 872 1908 penates,

262 1911 437 1978 Venturaeque
449 1910 543 1962 hiemis
555 1927 681 1962 memores
693 1916 784 1962 aestate
797 1911 912 1963 laborem

259 1979 449 2048 Experiuntur,
461 1985 488 2031 et
501 1979 529 2030 in
541 1978 657 2030 medinm
670 1979 783 2046 quaesita
794 1987 933 2048 reponunt.

259 2048 381 2117 Namque
393 2048 452 2100 aliae
464 2048 538 2100 victu
551 2048 701 2115 invigilant,
714 2053 742 2099 et
753 2049 850 2100 foedere
863 2057 940 2118 pacta

260 2117 426 2170 Exercentur
437 2117 508 2184 agris
518 2135 525 2181 ;
543 2134 603 2185 pars
616 2118 689 2169 intra
701 2123 776 2185 septa
788 2118 923 2170 domorum

259 2187 378 2240 Narcissi
390 2186 533 2254 lacrimam,
547 2190 574 2238 et
585 2186 689 2238 lentum
701 2186 734 2238 de
747 2188 844 2239 cortice
856 2188 957 2256 gluten,
1063 2191 1109 2241 lt'O

260 2256 351 2308 Prima
362 2256 431 2308 favis
442 2261 545 2324 ponunt
556 2256 721 2322 fundamina,
735 2257 830 2308 deinde
842 2261 947 2309 tenaces

260 2325 432 2393 Suspendant
445 2341 530 2388 ceras;
549 2325 616 2392 aliae,
628 2342 702 2393 spem
715 2326 810 2393 gentis,
823 2326 928 2378 adultos

260 2394 389 2447 Educunt
400 2394 487 2458 fetus3
506 2395 564 2446 aliae
576 2394 717 2462 purissima
729 2395 808 2446 mella

260 2463 377 2532 Stipant,
390 2469 417 2515 et
429 2463 530 2531 liquido
544 2464 699 2515 distendunt
711 2471 817 2516 nectare
830 2464 916 2517 cellas,

260 2533 338 2600 Srmt,
351 2533 447 2601 quibus
459 2533 493 2584 ad
505 2538 593 2600 portas
606 2532 702 2584 cecidit
714 2534 833 2585 custodia
845 2535 908 2585 sorti
919 2553 926 2597 3

261 2602 348 2670 Inque
360 2602 445 2654 vicem
458 2602 627 2670 speculantur
639 2618 720 2669 aquas
733 2607 760 2653 et
772 2603 864 2653 nubila
877 2603 936 2655 coeli
947 2623 954 2668 ;

259 2673 318 2725 Aut
330 2688 411 2724 onera
423 2671 558 2739 accipiunt
571 2671 733 2738 venientum,
745 2678 793 2723 aut
805 2672 910 2741 agmine
923 2674 995 2726 facto

261 2742 400 2808 Ignavum,
412 2740 492 2805 fucos,
503 2757 587 2807 pecus
598 2757 615 2794 a
626 2742 795 2817 praesepibus
806 2752 910 2803 arcent.

251 2809 350 2856 Ferret
360 2823 430 2872 opus,
444 2809 619 2883 redolentque
635 2816 734 2889 thymo
746 2819 910 2896 fragrantia
921 2819 1022 2876 mella·
