2700 3242
279 308 329 359 164
519 304 549 358 P.
568 303 724 358 VIRGILII
741 304 904 359 MARONIS

277 406 354 474 Troja
365 422 412 474 per
423 405 554 457 undosum
566 411 700 474 peteretur
711 406 837 458 classibus
850 407 957 475 aquorl

277 474 355 528 Mene
366 475 437 543 fugis
447 475 457 527 l
476 475 526 527 Per
535 493 583 542 ego
592 475 639 526 has
651 475 772 526 lacrimas
785 476 956 556 dextramque
966 482 1041 528 tuam
1051 484 1123 546 te,-

278 544 388 609 Quando
400 544 474 595 aliud
485 544 551 596 mihi
560 547 617 612 jam
629 545 729 595 miserie
741 544 809 595 nihil
821 545 1029 664 ip’rehquis-

276 612 328 665 Per
340 613 470 666 connubia
482 620 577 679 nostra,
590 631 636 681 per
647 614 765 681 inceptos
777 614 855 680 hyme
875 630 932 680 aeos,

277 682 306 734 si
317 682 383 734 bene
396 683 459 750 quid
472 683 505 734 de
517 689 543 733 te
556 683 646 746 merui,
658 683 713 734 fuit
725 689 772 733 aut
785 682 834 733 tibi
848 683 993 750 quidquam

277 751 362 804 Dulce
374 769 478 804 meum:
496 752 617 802 miserere
629 751 721 802 domus
734 751 855 819 labentis,
868 758 895 803 et
907 753 993 817 istam,

278 821 337 887 Oro,
349 822 371 872 si
384 821 442 888 quis
454 821 541 872 adhuc
554 819 674 888 precibus
687 821 765 886 locus,
779 838 847 872 exue
858 828 981 873 mentem.

277 890 314 942 Te
326 897 432 958 propter
444 889 548 956 Libycae
560 896 651 955 gentes
664 889 865 956 Nomadumque
877 891 985 958 tyranni
1069 893 1123 943 320

279 960 379 1022 Odere;
397 959 494 1010 infensi
507 958 596 1026 Tyrii3
615 965 642 1010 te
655 965 761 1026 prepter
773 960 886 1010 eundem

278 1027 434 1081 Exstinetus
446 1028 537 1096 pudor,
550 1033 584 1093 et,
598 1044 649 1094 qua
662 1028 716 1079 sola
729 1027 814 1079 sidem
826 1028 937 1094 adibam,

278 1097 361 1149 Fama
372 1098 458 1165 prior:
477 1097 520 1148 cui
531 1113 573 1146 me
585 1096 768 1148 moribundam
781 1097 883 1163 deseris,
897 1098 989 1165 hospes
999 1097 1010 1149 'l

279 1166 337 1218 Hoc
350 1167 434 1218 solum
446 1183 541 1217 nomen
553 1167 677 1232 quoniam
690 1166 723 1217 de
734 1167 845 1233 conjuge
857 1173 946 1219 restat.

279 1236 349 1299 Quid
361 1234 465 1287 mororl
483 1253 518 1287 an
529 1253 588 1286 mea
600 1234 755 1301 Pygmalion
768 1234 832 1286 dum
844 1237 940 1288 moenia
952 1235 1035 1287 frater
1073 1282 1075 1286 .

278 1304 411 1370 Destruet,
424 1311 472 1356 aut
484 1311 588 1372 captam
601 1305 681 1355 ducat
695 1304 813 1356 Gaetulus
826 1305 935 1357 Iarbasl

279 1373 379 1425 Saltem
391 1375 412 1424 si
426 1391 478 1441 qua
490 1374 556 1424 mihi
569 1374 601 1425 de
614 1380 641 1424 te
653 1380 774 1441 suscepta
785 1374 879 1425 fuisset

278 1443 349 1494 Ante
360 1443 452 1510 fugam
465 1442 566 1494 suboles
577 1462 582 1505 ;
601 1443 623 1493 si
635 1443 694 1509 quis
705 1442 771 1493 mihi
784 1443 910 1509 parvulus
922 1442 985 1496 aula

279 1511 393 1563 Luderet
404 1512 510 1578 AEneas,
523 1512 568 1578 qui
581 1519 607 1563 te
620 1518 709 1562 tamen
722 1529 764 1562 ore
776 1513 892 1576 referret,

278 1580 304 1632 N
305 1598 338 1632 on
351 1581 471 1648 equidem
484 1580 589 1632 omnino
602 1586 680 1647 capta
692 1598 722 1632 ac
735 1580 837 1632 deserta
849 1577 972 1634 viderer?
1071 1584 1124 1633 330

314 1649 431 1701 Dixerat.
469 1650 519 1700 llle
531 1649 606 1701 Jovis
618 1649 725 1700 monitis
738 1649 846 1702 immota
858 1651 965 1702 tenebat

279 1718 400 1785 Lumina,
412 1729 439 1770 et
452 1718 562 1770 obnixus
575 1735 665 1769 curam
679 1717 727 1768 sub
739 1718 816 1769 eorde
828 1720 969 1786 premebat.

279 1787 395 1839 Tandem
408 1805 492 1855 pauca
504 1787 599 1838 refert:
620 1790 634 1816 “
643 1788 699 1854 Ego
712 1793 746 1850 te,
758 1803 816 1853 quae
828 1787 944 1854 plurima
955 1788 1036 1839 fando

279 1856 440 1908 Enumerare
452 1856 529 1922 vales,
542 1872 687 1922 nunquam,
702 1855 811 1922 Regina,
823 1853 924 1921 negabo

279 1925 468 1989 Promeritam3
486 1942 534 1976 nec
547 1942 588 1976 me
600 1924 748 1975 meminisse
760 1924 862 1991 pigebit
874 1924 973 1990 Elissa,

278 1994 351 2046 Dum
362 2012 461 2046 memor
471 1995 526 2062 ipso
538 1994 597 2061 mei,
610 1993 674 2043 dum
687 1993 793 2060 spiritus
806 1993 852 2043 hos
864 1993 933 2059 regit
945 1998 1027 2045 artua

279 2063 330 2115 Pro
342 2081 370 2115 re
382 2081 467 2132 pauca
478 2064 577 2130 loquar.
613 2062 706 2129 Neque
718 2079 766 2128 ego
778 2062 846 2112 hanc
858 2061 1017 2113 abscondere
1028 2061 1103 2114 furto

279 2132 394 2201 Speravi,
407 2151 440 2184 ne
451 2133 529 2200 finge,
541 2133 650 2198 fugam;
668 2148 716 2181 nec
729 2131 847 2198 conjugis
860 2147 979 2199 unquam

279 2202 411 2254 Praetendi
425 2202 513 2267 taedas,
526 2207 573 2252 aut
585 2200 642 2251 haee
655 2200 683 2250 in
695 2200 794 2251 foedera
806 2200 874 2252 veni.

279 2270 324 2322 Me
337 2270 358 2322 si
370 2273 426 2323 fata
438 2271 502 2321 meis
514 2276 667 2337 paterentur
680 2269 773 2319 ducere
786 2269 870 2320 vitam
1072 2272 1126 2322 340

279 2340 417 2408 Auspiciis,
430 2346 457 2392 et
469 2346 560 2408 sponte
573 2356 630 2390 mea
643 2355 794 2404 componere
807 2355 890 2405 curas,
1057 2350 1061 2359 “

279 2409 377 2461 Urbem
390 2410 528 2476 Trojanam
540 2408 654 2476 primum
666 2407 808 2474 dulcesque
820 2425 937 2459 meorum

280 2477 414 2545 Reliquias
427 2479 554 2540 colerem3
572 2477 670 2528 Priami
684 2482 754 2527 tecta
767 2476 822 2527 alta
833 2483 977 2541 manerent,
1035 2477 1037 2481 ’

279 2546 315 2598 Et
326 2547 441 2599 recidiva
453 2564 533 2597 manu
546 2546 688 2614 posuissem
701 2545 828 2611 Pergama
840 2546 924 2598 victis.

279 2615 329 2667 Sed
342 2633 412 2666 nunc
426 2616 532 2667 ltaliam
544 2632 667 2681 magnam
681 2615 799 2680 Gryneus
812 2614 914 2682 Apollo,

272 2684 383 2735 Italiam
396 2684 484 2753 Lyciae
492 2686 593 2753 jussere
606 2701 737 2750 capessere
750 2689 837 2735 sortes.

258 2750 318 2802 Hic
327 2770 412 2823 amor,
426 2755 487 2810 luce
497 2755 590 2827 patria
603 2761 650 2809 est.
681 2752 712 2808 Si
721 2758 749 2806 te
760 2752 926 2818 Carthaginis
938 2769 1019 2820 arces,

243 2816 435 2900 Phoenissam,
451 2828 624 2902 ldbyeaeque
637 2832 765 2902 aspectus
777 2823 882 2877 detinet
890 2820 977 2886 urbis,
996 2883 999 2889 Ι
