2700 3242
279 293 329 360 tro
511 306 541 360 r.
551 306 708 360 vinoun
727 307 889 361 usseris

278 407 316 461 nt
328 423 381 460 non
393 406 489 460 infelix
500 409 582 461 unimi
595 407 738 475 Phoenissa,
750 425 835 476 neque
846 425 963 476 unquam

278 475 394 529 Solvitur
405 477 434 528 in
447 494 557 544 somnos,
568 477 683 530 oculisve
694 482 743 529 cut
756 489 859 545 pectore
871 485 974 530 noctem
1072 486 1078 526 t

278 546 390 614 Accipit.
418 546 589 613 Ingeminant
601 563 669 599 curae
680 565 688 610 ;
705 563 846 614 rursusque
858 563 996 614 resurgens

278 614 360 668 Saevit
371 631 451 682 amor,
464 633 611 683 magnoque
624 617 723 668 irarum
735 615 850 666 fluctuet
863 622 936 668 aestu.

280 683 324 736 Sic
336 685 401 737 adeo
413 685 521 750 insistit,
534 701 674 752 secumque
686 685 726 736 ite
737 684 814 737 corde
827 684 947 737 volutet:

280 753 296 782 “
304 753 352 817 En,
366 751 429 818 quid
441 751 513 816 agol
530 768 654 804 rursusne
667 768 757 820 procos
769 751 845 802 irrisa
857 752 954 815 priores

279 815 427 885 Experiurl
446 817 646 885 Nomndumque
658 824 748 886 petnm
760 819 891 871 connubia
903 821 1022 891 supplex,

279 886 350 950 Quos
362 903 409 954 ego
422 886 471 938 sim
483 888 560 940 toties
569 890 626 956 jum
638 888 783 955 dedignata
794 889 922 941 maritos?

280 954 375 1012 Iliacus
387 956 471 1023 igitur
482 955 576 1008 classes
588 962 667 1025 atque
680 957 911 1009 ultima'l'eucrum

279 1023 299 1076 J
299 1041 361 1077 usse
372 1025 483 1092 sequsrl
501 1025 596 1093 quiene
609 1026 709 1078 auxilio
718 1027 797 1093 juvet
809 1033 872 1079 ante
883 1027 991 1092 levatos,

279 1093 335 1146 Aut
347 1095 413 1148 bene
425 1094 496 1162 apud
507 1112 632 1147 memores
645 1097 740 1146 veteris
753 1101 806 1147 stat
818 1096 905 1162 gratia
916 1096 1001 1148 facti?

280 1162 344 1226 Quis
356 1180 398 1214 me
411 1169 508 1229 autem,
520 1163 563 1215 fac
575 1164 649 1231 velle,
668 1164 754 1216 sinetl
773 1165 906 1217 ratibusve
920 1165 1038 1232 superbis
1071 1172 1078 1217 l

280 1231 400 1284 Iurisem
412 1233 525 1302 accipiet
535 1232 544 1283 l
563 1234 654 1300 nescis,
666 1234 720 1286 heu
732 1233 850 1301 perdite!
869 1235 984 1287 necdum

279 1299 476 1354 Istomedouteae
489 1303 569 1355 sentis
581 1303 697 1371 perjuris
708 1303 795 1369 gentis
805 1303 814 1354 l

280 1369 350 1433 Quid
362 1375 420 1422 tum
430 1370 440 1423 l
460 1371 513 1424 sola
526 1372 592 1440 fuge
601 1378 697 1424 nautas
709 1371 853 1424 comitabor
864 1372 992 1424 orentes?

279 1439 322 1490 An
334 1439 419 1506 Tyriis
431 1441 554 1508 omnique
565 1458 647 1492 manu
659 1441 758 1509 stipate
769 1458 888 1492 meorum

280 1507 401 1561 Infercrl
420 1514 453 1575 et,
467 1526 530 1577 quos
543 1509 650 1562 Sidonia
662 1509 708 1562 rix
720 1510 785 1561 urbe
797 1510 895 1576 revelli,

280 1575 380 1629 Rursus
392 1595 469 1644 agenr
481 1577 581 1646 pelago,
594 1585 621 1631 et
633 1579 719 1630 ventis
732 1579 794 1631 dare
806 1579 865 1632 veln
872 1579 971 1647 jubebo
981 1580 991 1632 l

280 1645 350 1709 Quin
362 1663 468 1713 morere,
481 1653 512 1698 ut
524 1649 618 1700 merita
631 1665 665 1714 es,
678 1649 798 1716 ferroque
810 1657 899 1700 averte
912 1649 1034 1702 dolorem.

279 1715 320 1766 Tu
331 1715 445 1767 lacrimis
458 1716 543 1768 evicta
554 1717 626 1784 meis,
639 1723 670 1768 tu
682 1718 768 1785 prima
779 1718 912 1769 furentem

279 1783 337 1850 His,
349 1802 481 1851 germana,
493 1786 570 1837 malis
582 1803 681 1852 oneras,
693 1793 774 1854 etque
786 1786 877 1854 oincis
889 1787 966 1841 hosti.

278 1852 305 1903 N
306 1871 339 1905 on
351 1853 428 1905 licuit
440 1854 552 1906 thalami
564 1861 698 1922 expertem
711 1857 766 1907 siue
779 1857 888 1908 crimine
901 1857 984 1909 vitum
1072 1863 1078 1909 l

278 1921 387 1989 Degere,
399 1940 469 1975 more
482 1925 552 1991 ferae,
565 1924 625 1976 talis
638 1941 686 1975 nec
699 1932 806 1992 tangere
819 1927 909 1977 curas!

279 1990 339 2043 Non
352 1997 454 2044 servate
465 1993 537 2059 fides,
550 1994 631 2044 cineri
643 1995 770 2061 promissa
782 1994 889 2061 sychaeo
897 1991 920 2047 !''

279 2059 376 2112 Tantos
388 2061 435 2112 illa
447 2079 493 2114 suo
505 2063 644 2130 rumpebat
657 2069 761 2131 pectore
774 2070 889 2131 questus.

313 2129 409 2182 AEnces
422 2131 490 2183 celsa
501 2132 530 2182 in
543 2132 633 2199 puppi,
642 2133 700 2198 jam
712 2139 798 2184 certus
811 2134 899 2199 eundi,

279 2199 408 2266 Carpebet
421 2218 528 2267 somnos,
541 2201 618 2252 rebus
626 2203 685 2267 jum
697 2202 748 2253 rite
761 2203 866 2269 paretis.

279 2267 351 2319 Huic
363 2286 389 2320 se
402 2270 485 2322 forme
498 2271 540 2321 dei
553 2271 630 2321 vultu
642 2270 776 2322 redeuntis
790 2271 879 2322 codem

279 2336 384 2389 Obtulit
395 2339 423 2388 in
437 2340 539 2404 somnis,
552 2356 694 2405 rursusque
706 2339 745 2391 ite
757 2340 813 2391 sisa
825 2357 929 2391 monere
942 2347 989 2407 est,

279 2406 375 2458 Omnia
386 2406 517 2461 Mercurio
530 2408 630 2474 similis,
644 2426 786 2476 vocemque
799 2409 962 2476 coloremque

278 2475 314 2527 Et
326 2476 410 2527 crines
422 2476 510 2543 flavos,
523 2484 550 2530 ct
562 2478 679 2529 membru
692 2477 784 2529 decoro
793 2480 927 2546 juventae:

281 2548 296 2573 “
305 2547 373 2598 Nate
387 2546 443 2609 den,
453 2552 527 2612 potes
539 2544 587 2596 hoc
600 2545 648 2596 sub
661 2563 723 2597 casu
737 2546 831 2597 ducere
843 2548 968 2598 somnosl

278 2610 340 2676 Nec,
355 2627 413 2677 quae
426 2616 453 2663 te
466 2612 564 2663 circum
577 2618 648 2664 stent
660 2613 756 2665 deinde
768 2614 892 2681 pericula,
904 2614 1008 2668 cernisl

271 2679 408 2732 Demens!
427 2697 476 2732 nec
486 2682 619 2751 Zephyros
632 2683 708 2735 audis
721 2685 818 2751 spirare
832 2687 959 2740 secundos
972 2688 982 2739 l

256 2745 315 2799 Ille
327 2748 405 2803 dolos
416 2751 563 2824 dirumque
576 2751 653 2807 nefas
664 2750 695 2806 in
707 2758 917 2822 pectoroserset,

244 2811 327 2869 Certa
337 2821 418 2892 mori
437 2827 573 2899 varioque
585 2827 694 2885 irarum
705 2825 827 2880 fluctuet
837 2827 915 2876 cestu.
