2700 3242
277 337 330 388 338
506 332 536 387 P.
554 332 710 386 VIRGILII
727 331 889 386 Minonis

277 429 449 499 Hippotaden
459 448 467 494 ;
485 430 655 499 sequiturque
666 427 821 482 incumbens
833 430 935 481 eminus
946 427 1027 482 hasta

277 500 417 568 Tereaque,
423 499 664 568 Harpalycumque,
672 504 700 550 et
707 499 914 566 Demophoonta,
922 498 1126 568 Ohromimque3

278 570 400 636 Quotque
412 570 506 621 emissa
516 585 599 620 manu
611 568 737 620 contorsit
748 568 850 635 spicula
861 568 943 635 virgo,

277 639 328 692 Tot
340 639 451 705 Phrygii
463 637 578 690 cecidero
590 637 647 690 viri.
684 637 780 689 Procul
792 637 909 705 Ornytus
921 636 1002 689 armis

278 708 381 776 Ignotis
393 714 420 759 et
433 723 500 774 equo
512 712 621 759 venator
633 707 733 774 Iapyge
745 706 845 770 fertur;

278 778 328 830 Oui
339 777 416 846 pellis
428 775 495 828 latos
507 776 628 828 humeros
641 782 732 844 erepta
739 778 855 844 juvence

278 844 539 914 Pugnatorioperit;
558 851 638 913 caput
650 845 744 912 ingens
756 845 807 897 oris
818 845 908 897 hiatus
1074 849 1126 898 680

278 915 314 968 Et
327 916 403 968 malae
415 921 504 968 texere
516 914 574 982 lupi
586 931 646 966 cum
658 914 782 966 dentibus
793 915 868 981 albis,

278 985 448 1053 Agrestisque
460 1001 554 1035 manus
566 991 651 1036 armat
664 1000 764 1052 sparus.
799 984 860 1052 Ipse
872 983 984 1036 catervis

279 1052 400 1106 Vertitur
411 1055 440 1105 in
451 1053 551 1119 mediis,
565 1059 592 1105 et
604 1058 659 1105 toto
672 1053 770 1106 vertice
782 1070 861 1121 supra
873 1059 919 1105 est.

279 1122 360 1175 Hunc
372 1124 418 1175 illa
430 1129 578 1190 exceptum,
591 1139 675 1190 neque
688 1123 759 1174 enim
771 1122 843 1174 labor
855 1122 961 1190 agmine
972 1139 1055 1189 verso,

279 1191 396 1260 Trajicit
410 1198 437 1244 et
449 1209 527 1258 super
539 1192 595 1243 haec
607 1193 715 1243 inimico
727 1198 831 1260 pectore
842 1191 931 1245 fatur:

278 1265 293 1291 ‘⁶
302 1262 380 1314 Silvis
392 1268 427 1326 tc,
439 1260 571 1328 Tyrrhena
591 1262 659 1314 ieras
672 1261 774 1325 agitare
786 1261 889 1328 putasti
899 1257 911 1312 i

279 1325 396 1379 Advenit
408 1321 455 1395 qui
467 1331 554 1379 vestra
566 1300 621 1379 dies
633 1325 806 1379 muliebribus
818 1329 897 1380 armis

279 1395 367 1448 Verba
378 1396 550 1464 redarguerit.
586 1396 689 1449 Nomen
701 1400 791 1448 tamen
802 1397 875 1449 haud
886 1397 944 1450 leve
955 1402 1065 1467 patrum

279 1463 404 1518 Manibus
416 1465 466 1517 hoc
477 1465 580 1532 referes,
593 1465 646 1517 telo
659 1465 782 1518 cecidisse
795 1463 933 1519 camille?

279 1533 408 1588 Protenus
418 1534 583 1587 Orsilochum
592 1541 619 1587 et
628 1535 724 1601 Buten,
734 1535 786 1587 duo
797 1537 916 1588 maxima
924 1537 1057 1589 Teucrum
1074 1541 1126 1590 6Ὁο

280 1604 408 1672 Oorpora:
427 1604 472 1657 sed
484 1605 572 1656 Buten
584 1621 705 1657 aversum
717 1605 824 1672 cuspide
836 1605 897 1658 fixit

279 1675 399 1728 Loricam
411 1673 565 1741 galeamque
577 1674 656 1741 inter,
668 1690 721 1741 qua
733 1674 801 1726 colla
813 1674 928 1726 sedentis

279 1744 388 1809 Luceni,
401 1750 428 1795 et
439 1743 506 1795 laevo
519 1742 649 1811 dependet
661 1760 753 1812 parma
765 1743 863 1796 lacerto
873 1764 880 1807 3

280 1814 453 1879 Orsilochum,
465 1812 570 1879 fugiens
582 1829 760 1880 magnumque
772 1813 875 1880 agitata
886 1830 933 1881 per
945 1812 1043 1882 orbem,

279 1882 373 1935 Eludit
385 1899 449 1950 gyro
461 1881 577 1949 interior,
590 1882 761 1950 sequiturque
773 1888 925 1949 sequentem
935 1901 942 1946 ;

280 1951 348 2003 Tum
360 1951 476 2004 validam
488 1968 586 2019 perque
597 1969 671 2004 arma
683 1951 739 2003 viro
751 1969 849 2019 perque
860 1969 918 2004 ossa
930 1953 1051 2020 securim,

278 2020 365 2072 Altior
377 2038 527 2088 exsurgens,
540 2021 626 2073 oranti
639 2026 666 2072 et
677 2021 764 2072 multa
775 2021 895 2088 precanti

280 2091 469 2156 Congeminat:
488 2090 585 2142 vulnus
598 2090 683 2142 calido
695 2091 766 2157 rigat
778 2107 823 2142 ora
834 2090 946 2144 cerebro.

280 2160 381 2212 Incidit
393 2160 463 2225 huic,
476 2159 612 2227 subitoque
624 2165 733 2227 aspectu
745 2159 853 2212 territus
864 2160 942 2212 haesit

280 2229 495 2297 Appenninicolae
508 2227 617 2281 bellator
628 2229 699 2280 filius
711 2229 791 2293 Auni,
1077 2233 1128 2286 700

280 2298 362 2351 Haud
375 2298 503 2364 Ligurum
515 2304 655 2365 extremus,
668 2298 733 2350 dum
744 2299 836 2350 fallere
847 2298 905 2350 fata
917 2298 1045 2354 sinebant

280 2368 367 2437 Isque,
379 2367 425 2418 ubi
439 2384 465 2418 se
478 2367 551 2418 nullo
560 2368 618 2435 jam
630 2384 709 2419 cursu
721 2368 831 2420 evadere
843 2385 941 2436 pugnae

279 2438 364 2500 Posse,
377 2452 463 2503 neque
474 2435 619 2488 instantem
631 2437 752 2504 reginam
763 2442 881 2490 avertere
893 2437 986 2505 cernit,

279 2505 392 2558 Consilio
405 2522 507 2558 versare
520 2505 592 2557 dolos
605 2505 738 2572 ingressus
750 2512 776 2559 et
789 2512 857 2572 astu,

279 2580 379 2648 Incipit
393 2580 466 2633 haeo:
485 2578 578 2642 “Quid
591 2583 645 2630 tam
658 2579 803 2645 egregium,
815 2580 836 2631 si
848 2579 949 2631 femina
960 2579 1025 2634 forti

276 2645 352 2701 Fidis
365 2645 452 2717 equol
470 2644 576 2697 dimitte
588 2645 688 2714 fugam,
701 2653 728 2699 et
741 2653 768 2700 te
780 2647 897 2700 eominus
909 2664 987 2728 aequo

270 2718 381 2775 Mecum
394 2717 474 2774 erede
488 2715 551 2788 solo,
562 2732 711 2788 pugnaque
720 2716 828 2783 accinge
840 2717 956 2784 pedestri
967 2736 975 2782 3

259 2795 330 2851 Janr
346 2812 454 2858 nosces,
467 2796 586 2849 ventosa
599 2789 670 2841 ierat
682 2786 727 2839 eui
737 2786 945 2853 ahoixaluudeml'

251 2867 361 2928 Dixit:
381 2877 417 2928 at
435 2870 485 2925 illa
500 2867 610 2922 friscus.
624 2861 735 2925 mque
744 2870 856 2908 '‘lim“
865 2850 965 2912 dmi
