2700 3242
265 291 320 341 aaa
500 285 529 339 Ρ.
548 255 706 339 vinornn
723 280 888 335 nunonis

264 389 376 442 Labitur
388 389 544 456 exsanguis;
562 387 691 441 labuntur
702 385 802 454 frigida
814 385 869 437 leto

264 458 393 521 Lumina3
412 475 560 526 purpureus
573 457 704 525 quondam
717 456 787 508 color
798 472 844 507 ora
856 451 973 520 reliquit

264 527 333 579 Tum
344 527 381 578 sic
394 544 439 579 exs
458 528 529 579 irans
541 527 646 592 Accam,
659 543 693 576 ex
706 524 852 592 aequalibus
863 538 954 590 unam,
1060 523 1114 573 820

264 596 425 663 Alloquitur,
434 545 489 647 dila
501 601 563 647 ante
575 596 641 647 alias
654 611 712 662 quae
725 594 781 646 sola
793 592 919 658 (tamilla,

266 665 381 728 Quicum
393 664 488 733 partiri
500 681 591 728 curas;
609 670 689 732 atque
701 663 759 715 haec
771 663 811 714 ita
822 662 911 713 fatur:

269 734 284 760 “
294 733 438 800 Hactenus,
451 736 521 787 Acca
533 752 610 799 soror,
623 735 715 800 potui:
735 751 806 784 nunc
819 733 916 784 vulnus
928 731 1051 784 acerbum

267 799 386 866 Conficit,
399 805 426 850 et
439 798 553 850 tenebris
565 799 718 864 nigrescunt
731 800 819 849 omnia
831 797 938 848 circum.

266 868 368 936 Effuge,
382 873 409 919 et
421 867 478 918 haec
491 867 579 918 Turno
591 867 718 919 mandata
730 866 873 918 novissima
884 865 987 934 perfer:

267 937 397 990 Succedat
410 953 507 1005 pugnae
519 935 694 1003 Trojanosque
706 941 795 987 arceat
807 935 878 986 urbe.

266 1006 382 1070 Jamque
394 1002 475 1056 vale.''
512 1003 596 1056 Simul
609 1005 649 1057 his
662 1006 739 1057 dictis
752 1003 888 1071 linquebat
900 1002 1022 1066 habenas,

265 1073 308 1124 Ad
321 1079 418 1125 terram
430 1090 483 1124 non
496 1078 589 1140 sponte
601 1073 692 1125 fluens.
722 1074 791 1125 'lum
802 1072 901 1139 frigida
913 1078 969 1124 toto

266 1141 402 1194 Paulatim
415 1142 528 1194 exsolvit
540 1159 567 1193 se
579 1159 693 1210 corpore,
705 1141 832 1208 lentaque
844 1141 913 1194 colla

265 1209 301 1263 Et
313 1215 422 1278 captum
434 1211 488 1263 leto
500 1211 588 1278 posuit
599 1216 689 1279 caput,
701 1228 775 1263 arma
786 1210 937 1278 relinquens
948 1229 955 1274 ;
1063 1213 1116 1263 830

266 1279 383 1348 Vitaque
395 1297 456 1332 cum
468 1280 571 1346 gemitu
582 1280 654 1348 fugit
665 1279 807 1347 indignata
818 1279 867 1331 sub
879 1279 992 1333 umbras.

266 1347 335 1400 rum
347 1366 408 1401 vero
420 1349 563 1400 immensus
576 1366 685 1416 surgens
697 1349 760 1401 ferit
772 1366 852 1401 aurea
864 1349 963 1401 clamor

266 1416 377 1481 Sidera;
395 1418 498 1485 dejecta
509 1418 639 1470 crudescit
652 1435 743 1487 pugna
756 1417 881 1481 samium

267 1485 413 1539 Incurrunt
426 1487 500 1539 densi
513 1487 591 1538 simul
603 1488 687 1539 omnis
700 1487 776 1554 copia
788 1488 927 1553 Teucrum,

268 1555 449 1624 Tyrrhenique
461 1555 548 1623 duces,
561 1556 731 1624 Evandrique
743 1556 858 1608 Arcades
871 1556 927 1608 alae.

302 1625 340 1676 At
353 1625 447 1677 Triviae
460 1631 547 1677 custos
555 1626 716 1693 jamdudum
728 1626 757 1676 in
769 1625 903 1677 montibus
916 1625 980 1693 Opis

268 1691 331 1746 Alte
344 1695 416 1746 sedet
429 1695 544 1759 summis,
558 1700 712 1762 spectatque
724 1695 847 1746 interrita
858 1711 968 1762 pugnas.

267 1761 356 1830 thue
368 1763 458 1831 procul
470 1762 556 1815 medio
565 1766 695 1830 juvenum
706 1764 735 1814 in
748 1765 860 1815 clamore
872 1763 1009 1815 furentum

267 1830 407 1900 Prospexit
419 1833 490 1883 tristi
502 1833 645 1884 multatum
656 1839 741 1884 morte
754 1833 900 1898 Camillam,

267 1900 454 1981 ingemuitque
467 1901 592 1969 deditque
603 1901 652 1953 has
664 1903 717 1953 imo
730 1909 834 1969 pectore
846 1918 937 1954 voees:
1062 1905 1116 1954 840

268 1968 356 2020 “Heu
368 1987 487 2030 nimium,
501 1973 581 2038 virgo,
595 1972 708 2024 nimium
720 1970 824 2022 crudele
836 1969 910 2020 luisti

267 2035 441 2103 Supplicium,
451 2036 563 2086 Teucros
577 2042 671 2086 conata
684 2035 810 2086 lacessere
821 2035 890 2087 bello
901 2037 907 2088 !

266 2105 292 2156 N
293 2122 322 2156 ec
335 2105 384 2156 tibi
397 2104 505 2156 desertae
518 2105 546 2154 in
559 2104 646 2155 dumis
659 2104 770 2155 coluisse
782 2105 896 2156 Dianam

267 2173 379 2239 Profuit,
392 2179 440 2225 aut
453 2180 555 2225 nostras
568 2173 676 2224 humero
689 2173 798 2240 gessisse
809 2174 945 2241 pharetras
956 2187 980 2230 ἡ

267 2243 327 2294 Non
340 2249 430 2294 tamen
442 2243 590 2294 indecorem
603 2248 690 2294 tuate
702 2243 794 2309 regina
805 2243 913 2311 reliquit

266 2311 394 2363 Extrema
402 2313 460 2379 jam
472 2312 500 2363 in
512 2318 596 2362 morte
607 2329 614 2374 ;
631 2328 716 2378 neque
729 2311 778 2362 hoc
791 2312 846 2363 sine
859 2312 964 2364 nomine
977 2313 1064 2366 letum

267 2379 319 2432 Per
330 2387 422 2448 gentes
434 2381 491 2447 erit,
504 2386 552 2431 aut
565 2381 663 2432 famam
676 2381 785 2448 patieris
798 2381 898 2433 inultae.

266 2448 336 2501 Nam
350 2449 509 2517 quicumque
521 2455 599 2501 tuum
611 2449 721 2501 violavit
733 2451 842 2502 vulnere
854 2467 954 2518 corpus,

266 2517 352 2571 Morte
366 2520 422 2571 luet
434 2519 552 2571 merita.’'
589 2521 652 2571 Fuit
666 2521 758 2585 ingens
770 2527 859 2570 monte
872 2520 920 2571 sub
932 2521 987 2574 alto

266 2582 346 2649 Regis
359 2579 490 2636 Dercenni
503 2592 605 2637 terreno
618 2603 651 2636 ex
664 2604 759 2653 aggere
772 2587 881 2640 bustum
1066 2597 1119 2646 850

263 2650 378 2719 Antiqui
392 2653 537 2719 Laurentis,
551 2672 682 2722 opacaque
695 2657 754 2707 ilice
767 2663 867 2708 tectum
879 2678 885 2721 ;

251 2720 310 2775 Hic
322 2723 374 2780 dea
387 2742 416 2779 se
427 2724 548 2798 primum
561 2724 652 2796 rapido
664 2725 840 2795 pulcherrima
853 2728 913 2778 nisu

235 2792 328 2867 Sistit,
346 2806 375 2858 et
386 2800 547 2858 Arruntem
559 2798 667 2858 tumulo
680 2797 831 2867 speculatur
842 2797 877 2849 a‘u
886 2797 950 2849 alte.

644 2901 654 2924 ο
669 2894 760 2944 ug'uas
