2700 3242
269 294 319 346 166
500 294 529 346 Ρ.
544 292 701 346 VIRGILll
717 293 880 347 MARONIS

269 397 313 465 Et,
327 414 410 466 quum
422 397 520 463 frigida
531 414 600 448 mors
612 398 702 448 anima
713 396 847 448 seduxerit
859 403 941 464 artus,

270 467 397 518 Omnibus
409 467 503 518 umbra
515 466 578 518 locis
590 466 674 518 adero.
705 466 794 532 Dabis,
807 466 930 534 improbe,
944 484 1056 534 poenas;

269 536 393 601 Audiam,
406 544 433 588 et
445 536 501 586 hoec
513 553 603 587 manes
616 536 704 587 veniet
716 536 782 586 mihi
794 535 925 613 famffub
938 537 1024 588 imos.’'

270 604 320 656 His
332 606 450 656 medium
463 605 540 656 dictis
553 622 697 655 sermonem
710 605 851 671 abrumpit,
863 610 891 655 et
903 623 980 656 auras

270 673 353 741 AEgra
364 674 442 740 fugit,
456 691 533 741 seque
546 691 579 725 ex
592 673 673 724 oculis
687 675 782 724 avertit
795 681 822 724 et
834 673 929 738 aufert,

270 742 402 810 Linquens
414 742 500 794 multa
511 751 585 794 metu
597 749 767 793 cunctantem
780 751 806 793 et
818 742 904 793 multa
912 749 1050 809 parantem
1064 747 1116 794 3³0

272 811 372 864 Dicere.
403 811 557 879 Suscipiunt
569 812 685 878 famulae,
698 812 863 878 collapsaque
875 812 992 863 membra

271 880 418 933 Marmorea
430 881 549 931 referunt
561 881 686 946 thalamo,
699 882 840 947 stratisque
852 887 990 947 reponunt.

308 950 344 1001 At
357 951 416 1018 pius
427 949 531 1015 AEneas,
545 966 705 1016 quamquam
717 950 799 1000 lenire
811 949 943 1000 dolentem

273 1017 386 1071 Solando
399 1019 480 1086 cupit,
493 1025 520 1069 et
532 1018 609 1069 dictis
622 1026 739 1069 avertero
752 1036 834 1084 curas,

272 1087 361 1140 Multa
373 1105 487 1155 gemens,
499 1105 646 1154 magnoque
660 1088 779 1138 animum
791 1087 935 1138 labefactus
948 1105 1043 1150 amore,

273 1157 293 1209 J
293 1174 354 1208 ussa
366 1163 454 1209 tamen
467 1156 558 1207 divum
570 1157 730 1224 exsequitur,
743 1157 902 1222 classemque
914 1157 1012 1208 revisit.

274 1226 343 1279 rum
355 1242 414 1278 vero
427 1225 520 1276 Teucri
533 1226 699 1291 incumbunt,
711 1232 738 1276 et
751 1226 826 1276 litore
839 1225 920 1276 celsas

274 1294 418 1347 Deducunt
430 1301 485 1346 toto
497 1312 583 1347 naves.
613 1295 698 1346 Natat
710 1301 791 1346 ancta
803 1295 909 1357 carina;

275 1364 487 1432 Frondentesque
500 1365 590 1415 ferunt
602 1381 685 1416 remos
698 1371 725 1415 et
735 1364 828 1416 robora
840 1364 912 1415 silvis

275 1432 437 1485 Infabricata
449 1433 520 1500 fugae
533 1433 626 1485 studio.
1067 1435 1120 1484 400

275 1501 422 1569 Migrantcs
434 1519 531 1567 cernas,
544 1509 652 1569 totaque
665 1519 698 1553 ex
710 1501 775 1552 urbe
786 1507 910 1564 ruentes;

275 1572 315 1623 Ac
328 1571 402 1623 velut
414 1571 549 1638 ingentem
560 1572 675 1622 formicae
688 1571 764 1621 farris
777 1588 900 1622 acervum

278 1640 366 1704 Quum
378 1640 514 1708 populant,
527 1640 619 1691 hiemis
632 1657 764 1704 memores,
777 1646 899 1706 tectoque
910 1645 1056 1707 reponunt:

278 1709 305 1762 It
317 1710 423 1776 nigrum
435 1711 534 1776 campis
547 1727 648 1775 agmen,
661 1709 829 1777 praedamque
842 1726 888 1776 per
900 1708 992 1760 herbas

278 1779 439 1830 Coniectant
451 1778 517 1830 calle
530 1785 659 1845 angust03
678 1796 738 1846 pars
750 1778 861 1845 grandia
873 1778 987 1829 trudunt

279 1847 389 1899 Obnixae
402 1848 535 1899 frumenta
547 1848 680 1910 humeris;
698 1865 758 1915 pars
770 1848 877 1914 agmina
889 1854 996 1914 cogunt,

279 1917 467 1984 Castigantque
478 1935 562 1968 moras
574 1935 580 1980 3
599 1935 675 1985 opere
688 1917 771 1968 omnis
785 1917 877 1968 semita
889 1918 980 1969 fervet.

280 1987 344 2050 Quis
357 1985 406 2037 tibi
419 1993 489 2052 tunc,
504 1986 578 2051 Dido,
592 1987 710 2038 cernenti
722 1987 787 2038 talia
800 1988 906 2038 sensus!

280 2056 383 2119 Quosve
396 2055 475 2107 dabas
487 2056 608 2122 gemitus,
622 2073 704 2123 quum
716 2055 794 2107 litora
806 2056 905 2107 fervere
917 2054 971 2107 late

283 2125 446 2192 Prospiceres
459 2143 517 2176 arce
530 2142 563 2175 ex
576 2143 684 2191 summa,
697 2132 835 2192 totumque
845 2125 946 2176 videres
1071 2127 1123 2176 410

281 2194 385 2247 Misceri
399 2202 461 2246 aute
473 2195 560 2246 oculos
573 2195 654 2245 tantis
667 2195 823 2246 clamoribus
836 2196 939 2262 aequor!

281 2263 402 2330 Improbe
414 2281 493 2329 amor,
506 2265 569 2331 quid
581 2281 634 2314 non
646 2262 768 2315 mortalia
779 2270 886 2332 pectora
898 2264 984 2330 cogis!

284 2333 325 2384 lre
338 2333 433 2384 iterum
445 2333 474 2383 in
486 2333 614 2398 lacrimas,
626 2334 722 2384 iterum
735 2340 837 2385 tentare
850 2334 979 2401 precando

283 2402 398 2468 Cogitur,
411 2409 438 2454 ot
451 2403 561 2470 supplex
574 2403 673 2454 animos
687 2403 841 2454 submittere
852 2403 941 2468 amori,

282 2471 307 2523 N
309 2487 323 2520 e
336 2471 400 2538 quid
412 2472 580 2539 inexpertum
592 2472 691 2523 frustra
703 2473 831 2524 moritura
842 2472 984 2539 relinquat.

318 2539 425 2604 “Anua,
438 2542 510 2592 vides
523 2546 578 2592 toto
591 2543 721 2609 properari
736 2543 811 2593 litore
822 2559 828 2593 z
848 2543 946 2592 circam

283 2607 406 2673 Undique
419 2624 561 2659 convenere
572 2627 578 2670 ;
597 2613 673 2658 vocat
682 2609 739 2674 jam
752 2608 873 2660 carbasus
886 2626 971 2677 auras,

280 2675 420 2744 Puppibus
432 2682 459 2727 et
472 2677 526 2728 laeti
538 2684 627 2728 nautae
640 2677 785 2744 imposuere
798 2695 912 2730 coronae.

267 2745 356 2797 Hunc
367 2764 418 2815 ego
431 2747 454 2800 si
463 2747 543 2818 potui
557 2752 665 2802 tautum
678 2763 780 2816 sperare
791 2747 913 2812 dolorem,

252 2813 296 2866 Bt
302 2816 439 2891 perferre,
453 2839 536 2894 soror,
552 2827 657 2895 potero.
687 2819 797 2873 llllisera
804 2818 860 2869 boc
868 2823 1057 2868 tameuuuum
1080 2822 1131 2869 aaa

201 2982 206 3033 l
