2700 3242
273 310 290 363 2
506 307 536 361 P.
549 306 705 360 VIRGILII
723 306 886 361 MARONIS

272 409 371 463 Noram
381 428 388 473 ;
401 408 438 461 sie'
450 409 538 478 parvis
550 425 705 476 componere
716 426 814 477 magna
826 409 947 464 solebam.

273 477 372 531 Verum
384 479 440 530 hoec
453 484 559 530 tantum
572 478 637 530 alias
648 478 719 530 inter
730 485 812 548 caput
824 480 922 533 extulit
933 479 1018 548 urbes,

273 548 411 612 Quantum
423 548 496 600 lenta
508 547 593 599 solent
604 547 674 599 inter
687 547 799 599 viburna
811 549 933 617 cupressi.

296 618 370 669 Mna.
388 617 424 669 Et
436 633 495 685 quae
508 622 584 668 tanta
596 616 649 667 fuit
662 617 773 668 Romam
785 617 834 669 tibi
846 634 925 670 cansa
937 619 1064 670 ridendil

297 687 356 738 Tru.
375 686 511 750 Libertas;
530 702 587 753 quae
602 703 664 751 sera,
673 691 763 737 tamen
777 688 894 755 respexit
905 688 1025 755 inertem,

274 755 416 808 Candidior
427 760 567 824 postquam
580 755 702 806 tondenti
714 755 795 807 barba
807 756 918 808 cadebat
928 776 936 820 ;

274 824 401 894 Respexit
413 830 510 890 tamen,
524 829 551 876 et
563 824 641 891 longo
654 829 713 892 post
725 829 842 892 tempore
853 826 936 892 venit,
1087 831 1122 879 30

274 893 417 962 Postquam
429 911 476 946 nos
489 893 631 960 Amaryllis
644 893 731 960 habet,
745 894 855 946 Galatea
866 895 982 964 reliquit.

274 963 402 1031 Namque,
415 962 518 1014 fatebor
530 963 607 1029 enim,
621 962 685 1014 dum
697 980 740 1015 me
753 963 862 1016 Galatea
874 965 988 1031 tenebat,

274 1032 330 1085 Nec
342 1049 399 1101 spes
412 1032 542 1084 libertatis
555 1037 618 1099 erat,
632 1048 681 1083 nec
693 1048 756 1083 cura
767 1033 864 1101 peculi.

276 1102 403 1166 Quamvis
414 1101 501 1153 multa
513 1101 578 1152 meis
591 1101 675 1153 exiret
687 1101 797 1154 victima
807 1101 903 1170 eaeptis,

275 1170 388 1240 Pinguis
402 1175 428 1222 et
440 1170 552 1237 ingratae
564 1176 727 1239 premeretur
739 1187 829 1223 caseus
841 1171 914 1224 urbi:

274 1239 335 1295 Non
347 1256 465 1308 unquam
477 1240 565 1307 gravis
578 1256 628 1291 aere
641 1239 748 1291 domum
759 1241 826 1292 mihi
838 1241 932 1294 dextra
943 1241 1052 1293 redibat.

299 1307 372 1363 Man.
389 1309 514 1376 Mirabar,
527 1309 592 1378 quid
603 1315 697 1362 maesta
710 1309 778 1377 deos,
790 1310 928 1379 Amarylli,
941 1328 1053 1377 vocares,

276 1377 326 1434 (lui
337 1379 450 1448 pendere
463 1395 510 1431 sua
522 1380 647 1448 patereris
659 1380 688 1431 in
700 1379 791 1432 arbore
802 1397 880 1449 poma
892 1400 899 1445 ;

275 1448 384 1518 Tityrus
395 1449 458 1500 hinc
471 1448 569 1501 aberat.
600 1450 667 1517 Ipsae
681 1455 715 1515 te,
728 1449 826 1516 Tityre,
837 1450 924 1517 pinus,

277 1517 333 1588 Ipsi
345 1523 372 1571 te
384 1519 477 1583 fontes,
489 1517 548 1585 ipsa
559 1518 616 1569 haec
629 1518 737 1569 arbusta
749 1518 885 1570 vocabant.
1089 1522 1123 1570 40

300 1587 359 1641 Tm.
378 1587 449 1652 Quid
460 1586 594 1638 facerem?
612 1603 698 1654 neque
710 1585 816 1638 servitio
828 1603 870 1638 me
882 1586 954 1639 exire
966 1585 1071 1652 licebat,

276 1653 332 1710 Nec
344 1662 400 1709 tam
412 1662 553 1726 praesentes
565 1656 629 1708 alibi
642 1671 794 1722 cognoscere
807 1654 886 1707 divos.

279 1725 331 1779 Hic
344 1727 422 1778 illum
434 1726 489 1778 vidi
497 1727 631 1793 juvenem,
644 1724 773 1789 Meliboee,
786 1730 850 1792 quot
862 1723 942 1776 annis

198 1789 204 1809 Γ
277 1795 324 1849 Bis
336 1813 410 1849 senos
423 1795 466 1847 cui
477 1799 567 1847 nostra
579 1794 633 1846 dies
646 1793 741 1846 altaria
752 1794 864 1845 fumant.

279 1864 331 1918 Hic
342 1865 410 1917 mihi
421 1881 575 1933 responsum
586 1863 687 1932 primus
699 1862 774 1915 dedit
785 1862 830 1914 ille
841 1862 959 1930 potenti:

279 1938 297 1967 ‘⁴
305 1935 416 1999 Pascite,
428 1940 460 1986 ut
472 1940 541 2000 ante,
553 1933 640 2000 boves,
651 1932 728 2002 pueri
738 1952 744 1993 ;
762 1932 911 1984 submittite
922 1929 1036 1982 tauros.'’

302 2004 375 2057 Mun.
393 2003 538 2056 Fortunate
552 2019 639 2069 senex,
652 2019 713 2070 ergo
725 2008 774 2054 tua
784 2019 847 2054 rura
857 2002 1020 2055 manebunt!

213 2091 216 2096 ·
282 2073 316 2126 Et
328 2073 379 2126 tibi
389 2089 487 2140 magna
499 2072 570 2139 satis,
578 2072 699 2140 quamvis
711 2071 779 2140 lapis
791 2072 879 2124 omnia
891 2072 979 2124 nudus

280 2143 434 2211 bimosoque
446 2141 522 2211 palus
534 2141 648 2193 obducat
659 2158 758 2209 pascua
772 2144 854 2194 'linco

224 2222 227 2227 “
279 2211 341 2266 Non
353 2212 458 2264 insueta
469 2228 561 2277 graves
573 2210 717 2263 tentabunt
729 2161 826 2280 padule
838 2211 924 2272 fetas;
1093 2213 1127 2261 50

280 2281 307 2335 N
307 2299 337 2335 ec
348 2281 419 2333 mala
431 2280 512 2333 vicini
524 2281 624 2349 pecoris
636 2281 759 2348 contagia
771 2280 875 2334 laedent.

281 2352 426 2404 Fortunate
438 2367 525 2417 senex,
538 2350 581 2402 hic
593 2350 663 2402 inter
673 2350 785 2402 flumina
796 2356 860 2403 nota

281 2421 318 2474 Ilt
330 2422 415 2472 fontes
429 2436 514 2472 sacros
526 2420 610 2488 frigus
623 2420 741 2488 captabis
754 2437 872 2488 opacum.

282 2490 354 2542 Hinc
366 2489 423 2556 tibi,
436 2506 495 2558 quae
508 2507 608 2558 semper
621 2490 707 2543 vicino
720 2490 754 2543 ab
765 2490 851 2543 limite
862 2507 942 2559 saepes

283 2559 402 2628 llyblaeis
414 2559 507 2628 apibus
519 2560 608 2612 florem
621 2559 730 2629 depasta
742 2560 835 2625 salicti,

283 2629 359 2699 Saepe
369 2629 423 2681 leri
435 2647 555 2681 somnum
567 2630 688 2682 suadebit
700 2631 766 2682 inire
779 2645 882 2680 susurro
894 2645 900 2679 τ

281 2699 356 2749 Hinc
366 2699 423 2751 alta
435 2698 482 2750 sub
495 2717 560 2767 rupe
569 2705 646 2752 canet
658 2700 793 2751 frondator
804 2698 838 2749 ad
851 2713 943 2758 auras;

232 2757 323 2860 ffee
330 2769 427 2814 tamen
437 2766 545 2847 interea
555 2785 653 2839 rauca,
668 2774 718 2824 tua
729 2785 802 2837 cura,
813 2765 959 2840 palumbes,

265 2837 428 2882 &gemere
439 2851 516 2889 aena
532 2840 651 2897 cessabit
664 2847 760 2899 turtur
774 2840 810 2899 ab
822 2841 907 2897 ulmo
