2700 3242
285 316 319 368 86
512 312 540 363 P.
554 311 705 362 vlltolnu
724 311 883 383 MARONIS

286 410 439 462 &errantem
450 410 519 478 ripas
531 411 586 462 alta
597 428 650 462 non
661 412 730 463 vidit
741 412 770 461 in
781 411 867 463 herba.

286 479 323 530 At
335 478 427 530 chorus
439 479 544 545 aequalis
555 479 691 546 Dryadum
704 480 813 531 clamore
826 496 956 547 supremos
1063 484 1116 531 460

287 545 434 613 implerunt
445 553 563 608 montes;
580 548 675 598 flerunt
688 547 845 614 Rhodopeia
857 565 928 600 arces

286 613 400 680 Altaque
412 615 524 681 Pangaea
537 620 563 666 et
575 615 654 666 Rhesi
666 615 796 666 Mavortia
808 616 892 682 tellus,

286 681 374 749 Atque
387 682 458 735 Getae
470 689 549 750 atque
561 682 664 734 Hebrus
676 688 703 733 et
714 683 804 734 Actias
817 683 944 749 Orithyia.

287 749 348 817 Ipse
361 767 424 802 cava
436 751 519 802 solans
532 767 629 817 agrum
641 751 772 802 testudine
784 768 903 816 amorem,

286 817 330 885 Te,
343 818 426 870 dulcis
439 821 541 885 conjure,
553 825 580 870 te
593 819 645 870 solo
656 819 686 869 in
697 819 773 870 litore
785 836 879 885 secum,

286 885 323 937 Te
335 887 455 939 veniente
468 887 517 952 die,
528 893 555 938 te
568 887 707 938 decedente
719 887 835 941 canebat.

286 953 416 1006 Taenarias
428 956 507 1006 etiam
518 955 613 1021 fauces,
626 955 681 1006 alto
693 956 759 1006 ostia
770 955 847 1021 Ditis,

286 1021 322 1074 Et
335 1022 490 1088 caligantem
502 1023 577 1089 nigra
588 1023 726 1074 formidine
738 1022 827 1074 lucum

287 1089 429 1156 Ingressus,
441 1107 579 1156 manesque
591 1091 657 1142 adiit
668 1108 806 1158 regemque
818 1091 990 1157 tremcndum,

286 1158 313 1209 N
313 1158 430 1224 esciaque
442 1158 562 1209 humanis
575 1158 693 1226 precibus
704 1175 882 1209 mansuescere
894 1159 977 1211 corda.
1063 1165 1116 1213 450

286 1225 324 1277 At
336 1233 416 1278 cantu
427 1233 560 1278 commotae
573 1227 651 1278 Erebi
662 1227 695 1278 de
707 1227 810 1278 sedibus
822 1227 881 1277 imis

287 1293 389 1345 Umbrae
401 1295 475 1346 ibant
487 1300 584 1360 tenues,
598 1295 785 1362 simulacraque
797 1295 856 1346 luce
868 1300 1001 1346 carentum

288 1363 372 1426 Quam
383 1363 467 1414 multa
478 1362 507 1413 in
518 1363 586 1414 foliis
598 1363 688 1414 avium
700 1380 726 1413 se
737 1364 821 1414 millia
832 1363 954 1428 condunt,

287 1430 384 1497 Vesper
397 1430 442 1481 ubi
453 1436 500 1482 aut
512 1430 634 1482 hibernus
647 1431 702 1497 agit
714 1431 746 1482 de
758 1431 889 1482 montibus
900 1431 995 1484 imber:

287 1497 385 1550 Matres
397 1505 476 1566 atque
488 1499 545 1565 viri,
558 1500 733 1566 defunctaque
746 1516 851 1567 corpora
863 1500 919 1551 rita

286 1565 486 1633 Magnanimum
497 1567 611 1633 heroum,
624 1569 705 1634 pueri,
717 1568 886 1635 innuptaeque
898 1567 1000 1634 puellae,

288 1634 457 1702 Impositique
468 1635 536 1700 rogis
545 1637 655 1701 juvenes
667 1642 729 1687 ante
741 1653 785 1687 ora
797 1642 952 1703 parentum;

288 1703 357 1764 Quos
369 1703 466 1753 circum
477 1703 554 1753 limus
566 1703 639 1768 niger
651 1709 678 1754 et
690 1704 809 1754 deformis
822 1704 921 1755 arundo

288 1771 377 1837 Cocyti
389 1770 514 1837 tardaque
526 1770 601 1837 palus
614 1772 759 1822 inamabilis
771 1773 843 1823 undo

237 1834 242 1844 '
287 1838 394 1905 Alligat,
407 1844 433 1889 et
444 1839 531 1890 novies
544 1839 609 1905 Styx
622 1840 749 1892 interfusa
762 1843 868 1891 coercet.
1064 1844 1117 1892 480

288 1907 358 1968 Quin
370 1907 431 1974 ipsae
444 1912 566 1974 stupuere
579 1908 669 1958 domus
682 1914 761 1972 atque
773 1908 868 1958 intima
880 1907 927 1958 leti

287 1973 401 2038 Tartara,
414 1975 586 2041 caeruleosque
598 1976 718 2042 implexae
731 1976 844 2026 crinibus
856 1992 953 2041 angues

287 2041 450 2108 Eumenides,
462 2044 598 2110 tenuitque
611 2044 715 2094 inhians
727 2045 778 2094 tria
791 2044 913 2094 Cerberus
926 2059 977 2108 ora,

287 2110 374 2177 Atque
387 2111 483 2162 Ixionii
495 2118 572 2162 vento
584 2118 641 2162 rota
653 2112 771 2162 constitit
783 2111 857 2162 orbis.

287 2178 400 2244 Jamque
412 2179 504 2245 pedem
516 2179 628 2230 referens
640 2196 714 2230 casus
726 2185 944 2244 evaseratomnes,

288 2245 451 2312 Redditaque
463 2246 593 2313 Eurydice
606 2264 710 2314 superas
722 2247 842 2298 ueniebat
854 2248 887 2298 ad
900 2264 983 2310 auras,

287 2312 358 2365 Pone
370 2331 476 2381 sequens
487 2332 494 2376 ;
511 2332 622 2381 namque
635 2317 702 2366 hanc
715 2315 820 2365 dederat
832 2315 985 2382 Proserpina
996 2315 1099 2382 legeru;

288 2382 375 2443 Quum
387 2383 473 2434 subita
486 2383 621 2433 incautum
634 2383 764 2433 dementia
776 2383 845 2449 cepit
856 2389 995 2449 amantem,

287 2447 448 2515 Ignoscenda
460 2450 571 2516 quidem,
585 2451 680 2501 scirent
693 2448 716 2501 si
726 2451 855 2516 ignoscere
867 2468 971 2502 manes:

287 2515 403 2583 Restitit,
415 2518 613 2584 Eurydicenque
626 2536 699 2569 suam
707 2520 764 2584 jam
776 2519 834 2569 luce
847 2519 894 2569 sub
906 2519 963 2585 ipsa
1062 2523 1117 2570 400

288 2583 425 2636 Immemor
437 2585 505 2637 heu!
524 2587 659 2653 victusque
671 2586 752 2638 animi
764 2588 884 2653 respexit.
915 2587 956 2638 Ibi
967 2587 1051 2638 omnis

287 2651 391 2705 Effusus
402 2653 482 2719 labor,
494 2659 572 2719 atque
584 2654 691 2705 immitis
703 2660 781 2721 rupta
793 2655 898 2720 tyranni

277 2719 395 2785 Foedera
411 2726 503 2788 terque
513 2721 602 2789 fragor
613 2723 712 2790 stagnis
724 2723 830 2772 auditus
842 2722 958 2773 Avernis.

258 2783 320 2858 Jllft,
337 2787 626 2866 ‘Oursetme'inquit
640 2794 1113 2863 ‘miseram‚etteperdidit‚tixpiieul

243 2847 314 2905 0⁹1⁸
325 2857 425 2911 tantus
433 2861 515 2918 lirror
527 2866 539 2921 7
556 2886 594 2923 en
607 2870 710 2925 iterum
722 2867 849 2923 crudelia
860 2870 932 2918 retro
