2700 3242
394 320 562 375 numos
579 321 645 374 LIB.
665 321 696 372 V.
918 318 968 366 19⁶

228 417 285 483 dee,
297 434 350 496 quo
361 417 418 476 feta
430 409 542 470 trahunt
554 415 751 486 retrahuntqwe
765 430 922 481 sequemur:

224 483 262 536 sid
273 492 331 548 ent,
344 486 492 553 supemnds
503 486 587 539 omnis
599 486 707 538 fortune
718 485 825 538 ferendo
837 491 884 537 est.
915 484 966 536 710

223 553 234 604 i
245 553 395 606 Durdenius
407 555 504 607 divinae
517 554 606 623 stirpis
617 554 741 608 Acestes:

224 639 282 690 sepe
294 623 409 676 oonsiliis
421 625 520 677 socium
532 630 560 677 et
572 625 703 692 conjunge
714 623 845 676 volentem
858 641 864 687 ;

224 691 291 759 rede,
303 693 405 745 emissis
417 698 542 762 superent
555 692 601 760 qui
612 692 732 760 navibus,
745 699 772 745 et
784 710 848 761 quos

224 777 269 812 um
280 761 371 828 msgni
382 761 481 831 incepti
493 779 632 830 rerumque
644 768 752 814 tuarum
764 769 804 814 est
814 781 821 826 ;

224 846 320 897 vosque
332 847 412 899 senes,
425 849 457 884 so
468 832 550 884 fessos
562 847 664 898 aequors
676 839 780 897 matres,

224 898 301 967 iquid
313 906 401 952 tecum
412 901 561 953 invalidum
573 906 745 968 metuensque
757 901 849 969 pericli
862 907 909 968 est,

228 985 235 1031 ;
253 968 333 1020 ethis
345 969 461 1022 habeant
473 970 549 1022 terris
561 969 617 1021 sine
628 971 726 1022 moenis
738 971 815 1022 fessi:

233 1037 406 1106 sppellsbunt
418 1041 542 1108 permisso
554 1039 660 1091 nomine
672 1039 817 1093 Acestem.”

224 1122 266 1159 >us
278 1107 398 1160 incensus
411 1109 489 1161 dictis
501 1108 608 1161 senioris
620 1108 712 1162 amici:

224 1193 264 1228 ero
273 1175 302 1228 in
314 1193 389 1230 eures
400 1178 520 1230 animum
531 1177 667 1230 diducitur
678 1195 767 1230 omnes
778 1197 784 1242 ;
916 1180 966 1231 720

224 1262 232 1297 ι
243 1250 302 1298 stre
313 1246 404 1314 polum
415 1247 483 1315 bigis
496 1247 620 1300 subvectu
632 1246 747 1300 tenebat.

224 1314 296 1366 ehine
308 1316 373 1368 coslo
383 1316 464 1369 feries
477 1317 583 1384 delapsa
594 1317 715 1384 purentis-

224 1401 246 1436 se
258 1384 345 1437 subito
356 1384 422 1439 tales
434 1385 568 1438 effundere
579 1402 654 1438 voces
665 1403 670 1438 :

224 1495 226 1515 ‚
237 1454 305 1506 mihi
316 1454 372 1505 vite
384 1451 525 1519 quondam,
539 1452 603 1503 dum
615 1451 813 1532 vitemunebat,

223 1526 391 1643 ttzsdls
402 1520 491 1655 llil?
500 1520 787 1657 {distitisse

223 1665 242 1725 t,
254 1665 282 1711 et
294 1660 358 1712 coelo
370 1660 478 1712 tandem
490 1659 629 1710 miseratus
641 1659 674 1710 ab
687 1659 741 1711 alto
754 1664 800 1710 est

224 1729 246 1780 is
257 1745 327 1797 pere,
340 1746 399 1797 quae
411 1745 482 1781 nunc
494 1727 670 1796 pulcherrima
682 1728 784 1780 Nautes

224 1797 291 1851 nior:
308 1797 389 1850 lectos
397 1799 517 1865 juvenes,
529 1797 671 1850 fortissime
683 1797 768 1863 corda,

224 1884 246 1919 n
258 1867 371 1920 Italiam.
408 1867 477 1918 Gens
490 1866 556 1918 dure
568 1872 647 1933 etque
660 1884 752 1934 aspera
763 1866 839 1918 cultu
915 1868 966 1919 730

224 1936 287 1989 onds
298 1936 348 1989 tibi
360 1937 437 1989 Letio
448 1942 495 1988 est.
530 1935 601 1986 Ditis
613 1942 702 1987 tumen
714 1940 777 1988 ante

224 2022 246 2058 ss
257 2007 351 2058 aceede
363 2006 459 2072 domos,
472 2011 499 2057 et
511 2003 616 2057 Averna
628 2022 674 2072 per
686 2004 742 2058 elta

224 2092 282 2127 ssus
294 2081 362 2143 pete,
373 2081 444 2140 nete,
456 2091 533 2126 meos.
569 2073 628 2126 Non
640 2092 683 2126 me
695 2074 777 2142 impis
788 2090 902 2141 namque

224 2161 234 2196 s
245 2143 351 2212 hubent,
363 2145 452 2196 tristes
463 2143 580 2205 umbrse;
598 2143 643 2195 sed
655 2161 758 2195 amoena
770 2143 874 2211 piorum

224 2231 240 2266 u
251 2213 422 2283 Elysiumque
435 2212 498 2265 eolo.
534 2212 596 2264 Huc
608 2219 681 2265 cestu
693 2212 793 2280 Sibylla

224 2299 266 2335 um
277 2283 363 2336 multo
375 2283 506 2351 pecudum
518 2286 545 2334 te
557 2283 686 2348 sanguine
697 2282 784 2334 ducet,

224 2368 286 2404 enus
298 2369 374 2404 omne
386 2358 470 2419 tuum,
483 2357 517 2417 et,
530 2369 589 2418 quse
602 2352 699 2402 dentur
710 2351 814 2417 moenis,
827 2347 917 2402 disces

223 2421 323 2475 ovele:
341 2427 447 2489 torquet
458 2420 557 2472 medios
569 2420 629 2472 Nox
641 2420 751 2471 humida
763 2437 862 2486 cursus,

224 2507 308 2543 ssevns
320 2489 393 2556 equis
407 2486 500 2538 Oriens
512 2486 612 2538 afflavit
625 2487 753 2541 anhelis.''

224 2561 253 2608 t:
270 2561 298 2608 et
309 2560 402 2607 tenues
414 2553 492 2620 fugit,
506 2569 554 2605 eeu
566 2553 662 2615 fumus,
674 2557 704 2604 in
716 2569 800 2603 suras.
918 2552 968 2603 740

224 2663 229 2689 ‚
241 2624 325 2687 “Quo
338 2622 433 2674 deinde
444 2622 518 2673 ruisi
537 2638 588 2689 quo
601 2621 712 2689 proripis
724 2620 750 2672 i''
768 2620 864 2687 inquit,

224 2711 230 2744 ι
241 2691 333 2760 fugisi
352 2697 400 2743 sut
412 2692 470 2759 quis
483 2697 509 2743 te
522 2690 617 2742 nostris
630 2689 809 2756 complexibus
821 2695 893 2741 arcet
905 2687 933 2743 i'’

224 2777 349 2815 remorsus
361 2760 472 2813 cinerem
485 2765 512 2814 et
525 2759 624 2833 sopitos
636 2759 752 2815 suscitet
761 2760 844 2832 ignes
852 2778 865 2826 3
