2700 3242
279 309 332 359 256
512 303 541 358 P.
560 303 716 358 VIRGILII
734 303 896 365 MARONIS

279 409 316 459 At
329 423 422 475 specus
434 410 461 458 et
474 406 535 459 (laci
547 406 652 458 detecta
662 405 788 474 apparuit
798 405 892 473 ingens

278 475 369 544 Regia,
384 481 411 527 et
423 474 551 528 umbrosa
563 475 670 543 penitus
682 481 792 543 patuere
804 491 936 529 caverna.

278 544 339 597 Non
351 561 424 596 secus
437 561 468 596 ac
481 545 503 596 si
515 562 568 612 qua
579 544 686 612 penitus
699 545 726 597 vi
738 551 809 597 terra
820 544 957 598 dehiscens

279 613 400 666 Infernas
412 619 508 666 reseret
520 613 600 680 sedes,
614 618 640 664 et
652 630 734 680 regna
746 613 865 665 recludat

278 681 390 750 Pallida,
403 683 443 734 dis
455 683 554 746 inrisa3
573 698 702 750 superque
714 683 829 734 immane
840 682 997 736 barathrum

279 751 415 818 (tornatur,
428 751 613 820 trepidantque
626 751 742 803 immisso
754 752 855 804 lumine
865 769 963 806 manes.

277 820 348 890 Ergo
359 821 493 889 insperata
505 820 663 888 deprensum
675 820 704 871 in
716 821 775 872 luce
787 828 903 888 repente,

278 891 466 956 inclusumque
479 906 542 941 cavo
554 906 624 956 saxo,
638 895 718 957 atque
730 890 836 942 insueta
846 890 995 958 rudentem,

276 958 396 1027 Desuper
408 958 513 1010 Alcides
525 958 585 1010 telis
598 959 703 1026 premit,
715 959 855 1026 omniaque
867 977 941 1012 arma

277 1027 405 1094 Advocat,
417 1033 444 1079 et
456 1027 535 1079 ramis
547 1027 681 1095 vastisque
692 1027 835 1080 molaribus
846 1028 937 1081 instat.
1072 1044 1073 1080 3

278 1094 329 1148 Ille
341 1103 438 1164 autern,
449 1113 536 1163 neque
547 1097 619 1148 enim
630 1097 696 1163 fuga
704 1098 762 1163 jam
774 1114 852 1164 super
863 1097 920 1150 ulla
931 1096 1032 1166 pericli,

277 1163 409 1217 Faucibus
422 1166 557 1233 ingentem
568 1165 682 1232 fumum,
695 1164 815 1218 mirabile
827 1165 909 1233 dictu,

276 1233 390 1301 Eromit,
403 1234 567 1302 involvitque
579 1234 687 1286 domum
699 1234 813 1300 caligine
825 1251 902 1302 caeca,

277 1301 449 1371 Prospectum
460 1303 573 1370 eripiens
585 1303 667 1355 oculis
677 1321 685 1367 ;
702 1302 883 1371 glomeratque
895 1303 944 1357 sub
955 1312 1034 1359 antro

276 1371 439 1424 Fumiferam
451 1378 554 1424 noctem
566 1372 716 1424 commixtis
728 1372 790 1438 igne
802 1371 924 1426 tenebris.

276 1440 337 1493 Non
349 1441 413 1493 tulit
425 1441 530 1493 Alcides
542 1441 645 1509 animis,
657 1457 736 1508 seque
747 1441 804 1508 ipse
817 1442 966 1510 perignem

275 1507 412 1578 Praecipiti
424 1511 515 1578 injecit
527 1510 604 1577 saltu,
617 1527 670 1578 qua
682 1509 813 1578 plurimus
824 1511 925 1563 undam

275 1576 376 1630 llumus
389 1579 452 1647 agit,
464 1579 613 1647 nebulaque
625 1579 719 1646 ingens
731 1596 824 1647 specus
836 1586 933 1633 {estuat
944 1586 1011 1636 atra.

231 1678 233 1683 ·
275 1647 329 1700 Hic
342 1648 440 1700 (lacum
451 1648 480 1699 in
492 1648 606 1700 tenebris
618 1648 742 1700 incendia
753 1666 823 1701 vana
835 1656 985 1702 vomentem

276 1716 389 1785 Corripit
401 1716 429 1767 in
441 1717 541 1768 nodum
553 1719 714 1786 complexus,
726 1722 754 1769 et
765 1718 842 1785 angit
854 1718 986 1771 inhaerens
1071 1728 1074 1771 f

275 1784 359 1837 Elisos
372 1785 466 1852 oculos,
480 1792 507 1838 et
519 1787 618 1839 siccum
630 1786 759 1854 sanguine
770 1793 873 1854 guttur.

275 1853 407 1906 Panditur
419 1855 551 1924 extemplo
563 1856 664 1908 foribus
676 1855 769 1908 domus
781 1862 840 1909 atra
851 1856 971 1922 revulsis,

275 1922 474 1991 Abstractaeque
486 1924 564 1977 boves
576 1925 756 1992 abjurataeque
768 1926 868 1992 rapina

276 1992 345 2044 Ocelo
357 1993 540 2060 ostenduntur,
552 1994 716 2062 pedibusque
727 1993 838 2046 informe
851 1994 963 2048 cadauer

275 2061 448 2115 Protrahitur.
484 2063 628 2131 Nequeunt
641 2062 741 2130 expleri
754 2063 832 2116 corda
844 2064 943 2116 tuendo

275 2130 413 2183 Terribiles
425 2132 518 2198 oculos,
531 2132 643 2200 vultum,
657 2132 801 2199 villosaque
814 2133 883 2184 satis

274 2200 385 2252 Pectora
397 2201 518 2267 semiferi,
530 2208 611 2268 atque
623 2201 767 2253 exstinctos
779 2202 900 2254 faucibus
912 2201 994 2269 ignea

273 2269 315 2321 Ex
327 2270 373 2321 illo
385 2270 529 2322 celebratus
541 2272 629 2337 honos,
642 2271 750 2336 laetique
762 2272 875 2323 minores

274 2337 414 2391 Servavere
427 2339 504 2407 diem,
534 2340 668 2408 rimusque
680 2339 796 2392 Potitius
808 2346 908 2409 auctor,

274 2407 310 2459 Et
323 2407 414 2459 domus
428 2358 552 2460 Herculei
565 2416 651 2461 custos
664 2409 772 2461 Pinaria
784 2410 858 2462 sacri.

272 2475 364 2596 &Hanc
376 2493 447 2528 aram
459 2477 518 2530 luco
531 2479 633 2545 statuit,
646 2495 704 2545 quae
717 2478 837 2531 Maxima
850 2496 904 2530 sem
923 2496 951 2531 er

300 2546 383 2598 icatur
395 2546 476 2612 nobis,
489 2553 516 2598 et
528 2548 578 2599 erit
591 2564 648 2615 quae
660 2548 778 2600 maxima
790 2496 922 2616 semperl)

274 2614 360 2677 Quare
373 2616 451 2682 agite,
465 2617 606 2685 ojuvencs,
619 2621 756 2669 tantarum
768 2618 796 2668 in
809 2635 916 2669 munere
929 2616 1040 2669 laudum

270 2683 376 2751 Cingite
386 2684 480 2737 fronde
493 2702 586 2753 comas,
599 2693 625 2738 et
637 2687 733 2754 pocula
745 2687 848 2754 porgite
860 2687 969 2753 dextris,

256 2752 491 2828 Communemque
505 2764 600 2814 vocate
613 2756 702 2823 deum,
714 2762 741 2810 et
752 2757 814 2809 date
823 2756 886 2808 rina
898 2756 1040 2810 volentea”

234 2819 385 2886 Dnerat:
403 2830 554 2891 Herculea
566 2831 669 2890 bicolor
684 2846 772 2903 quum
781 2825 899 2898 populus
905 2825 1002 2875 Μὴ
