<?xml version="1.0" encoding="UTF-8"?>
<!DOCTYPE html PUBLIC "-//W3C//DTD XHTML 1.0 Transitional//EN"
    "http://www.w3.org/TR/xhtml1/DTD/xhtml1-transitional.dtd">
<html xmlns="http://www.w3.org/1999/xhtml" xml:lang="en" lang="en">
 <head>
  <title>
</title>
<meta http-equiv="Content-Type" content="text/html;charset=utf-8" />
  <meta name='ocr-system' content='tesseract 3.04.00' />
  <meta name='ocr-capabilities' content='ocr_page ocr_carea ocr_par ocr_line ocrx_word'/>
</head>
<body>
  <div class='ocr_page' id='page_1' title='image "./operaomnia00virggoog/operaomnia00virggoog_0371.png"; bbox 0 0 2700 3242; ppageno 0'>
   <div class='ocr_carea' id='block_1_1' title="bbox 502 307 1093 369">
    <p class='ocr_par' dir='ltr' id='par_1_1' title="bbox 502 307 1093 369">
     <span class='ocr_line' id='line_1_1' title="bbox 502 307 1093 369; baseline 0.014 -8"><span class='ocrx_word' id='word_1_1' title='bbox 502 307 668 362; x_wconf 77' lang='lat' dir='ltr'>AEuumos</span> <span class='ocrx_word' id='word_1_2' title='bbox 687 308 753 362; x_wconf 79' lang='grc' dir='ltr'>ΙιΙΒ.</span> <span class='ocrx_word' id='word_1_3' title='bbox 771 309 834 364; x_wconf 88' lang='lat' dir='ltr'><strong>XII.</strong></span> <span class='ocrx_word' id='word_1_4' title='bbox 1042 315 1093 369; x_wconf 81' lang='grc'>367</span> 
     </span>
    </p>
   </div>
   <div class='ocr_carea' id='block_1_2' title="bbox 251 408 1094 2462">
    <p class='ocr_par' dir='ltr' id='par_1_2' title="bbox 251 408 962 482">
     <span class='ocr_line' id='line_1_2' title="bbox 251 408 962 482; baseline 0.007 -20"><span class='ocrx_word' id='word_1_5' title='bbox 251 408 376 479; x_wconf 81' lang='lat' dir='ltr'>Namque</span> <span class='ocrx_word' id='word_1_6' title='bbox 388 409 435 462; x_wconf 88' lang='lat' dir='ltr'>diu</span> <span class='ocrx_word' id='word_1_7' title='bbox 445 409 557 478; x_wconf 89' lang='lat' dir='ltr'>luctans,</span> <span class='ocrx_word' id='word_1_8' title='bbox 570 411 694 481; x_wconf 81' lang='lat' dir='ltr'>lenteque</span> <span class='ocrx_word' id='word_1_9' title='bbox 706 412 734 465; x_wconf 89' lang='lat' dir='ltr'>in</span> <span class='ocrx_word' id='word_1_10' title='bbox 746 413 827 481; x_wconf 82' lang='lat' dir='ltr'>stirpe</span> <span class='ocrx_word' id='word_1_11' title='bbox 839 420 962 482; x_wconf 85' lang='lat' dir='ltr'>moratus,</span> 
     </span>
    </p>

    <p class='ocr_par' dir='ltr' id='par_1_3' title="bbox 252 479 889 535">
     <span class='ocr_line' id='line_1_3' title="bbox 252 479 889 535; baseline 0.008 -5"><span class='ocrx_word' id='word_1_12' title='bbox 252 479 361 531; x_wconf 85' lang='lat' dir='ltr'>Viribus</span> <span class='ocrx_word' id='word_1_13' title='bbox 373 479 446 532; x_wconf 84' lang='lat' dir='ltr'>haud</span> <span class='ocrx_word' id='word_1_14' title='bbox 458 480 521 531; x_wconf 87' lang='lat' dir='ltr'>ullis</span> <span class='ocrx_word' id='word_1_15' title='bbox 533 481 618 532; x_wconf 87' lang='lat' dir='ltr'>valuit</span> <span class='ocrx_word' id='word_1_16' title='bbox 630 482 777 534; x_wconf 83' lang='lat' dir='ltr'>discludere</span> <span class='ocrx_word' id='word_1_17' title='bbox 788 500 889 535; x_wconf 88' lang='lat' dir='ltr'>morsus</span> 
     </span>
    </p>

    <p class='ocr_par' dir='ltr' id='par_1_4' title="bbox 253 547 908 618">
     <span class='ocr_line' id='line_1_4' title="bbox 253 547 908 618; baseline 0.008 -19"><span class='ocrx_word' id='word_1_18' title='bbox 253 547 363 600; x_wconf 88' lang='lat' dir='ltr'>Roboris</span> <span class='ocrx_word' id='word_1_19' title='bbox 375 549 478 602; x_wconf 88' lang='lat' dir='ltr'>AEneas.</span> <span class='ocrx_word' id='word_1_20' title='bbox 508 549 580 601; x_wconf 89' lang='lat' dir='ltr'>Dum</span> <span class='ocrx_word' id='word_1_21' title='bbox 592 550 689 602; x_wconf 88' lang='lat' dir='ltr'>nititur</span> <span class='ocrx_word' id='word_1_22' title='bbox 700 568 767 618; x_wconf 89' lang='lat' dir='ltr'>acer,</span> <span class='ocrx_word' id='word_1_23' title='bbox 779 559 806 603; x_wconf 88' lang='lat' dir='ltr'>et</span> <span class='ocrx_word' id='word_1_24' title='bbox 817 553 908 618; x_wconf 86' lang='lat' dir='ltr'>instat,</span> 
     </span>
    </p>

    <p class='ocr_par' dir='ltr' id='par_1_5' title="bbox 253 616 846 685">
     <span class='ocr_line' id='line_1_5' title="bbox 253 616 846 685; baseline 0.007 -16"><span class='ocrx_word' id='word_1_25' title='bbox 253 616 354 669; x_wconf 86' lang='lat' dir='ltr'>Rursus</span> <span class='ocrx_word' id='word_1_26' title='bbox 366 618 395 669; x_wconf 92' lang='lat' dir='ltr'>in</span> <span class='ocrx_word' id='word_1_27' title='bbox 407 619 505 685; x_wconf 73' lang='lat' dir='ltr'>sruigae</span> <span class='ocrx_word' id='word_1_28' title='bbox 517 619 612 670; x_wconf 83' lang='lat' dir='ltr'>faciem</span> <span class='ocrx_word' id='word_1_29' title='bbox 624 626 729 672; x_wconf 87' lang='lat' dir='ltr'>mutata</span> <span class='ocrx_word' id='word_1_30' title='bbox 740 621 846 673; x_wconf 79' lang='lat' dir='ltr'>Metisci</span> 
     </span>
    </p>

    <p class='ocr_par' dir='ltr' id='par_1_6' title="bbox 253 684 921 755">
     <span class='ocr_line' id='line_1_6' title="bbox 253 684 921 755; baseline 0.009 -18"><span class='ocrx_word' id='word_1_31' title='bbox 253 684 396 754; x_wconf 88' lang='lat' dir='ltr'>Procurrit,</span> <span class='ocrx_word' id='word_1_32' title='bbox 407 687 535 755; x_wconf 81' lang='lat' dir='ltr'>fratrique</span> <span class='ocrx_word' id='word_1_33' title='bbox 548 705 636 739; x_wconf 88' lang='lat' dir='ltr'>ensem</span> <span class='ocrx_word' id='word_1_34' title='bbox 647 689 697 740; x_wconf 89' lang='lat' dir='ltr'>dea</span> <span class='ocrx_word' id='word_1_35' title='bbox 709 690 815 742; x_wconf 84' lang='lat' dir='ltr'>Daunia</span> <span class='ocrx_word' id='word_1_36' title='bbox 826 691 921 744; x_wconf 80' lang='lat' dir='ltr'>reddit.</span> 
     </span>
    </p>

    <p class='ocr_par' dir='ltr' id='par_1_7' title="bbox 253 755 923 827">
     <span class='ocr_line' id='line_1_7' title="bbox 253 755 923 827; baseline 0.009 -20"><span class='ocrx_word' id='word_1_37' title='bbox 253 755 330 819; x_wconf 85' lang='lat' dir='ltr'>Quod</span> <span class='ocrx_word' id='word_1_38' title='bbox 343 757 432 808; x_wconf 90' lang='lat' dir='ltr'>Venus</span> <span class='ocrx_word' id='word_1_39' title='bbox 444 757 538 808; x_wconf 88' lang='lat' dir='ltr'>audaci</span> <span class='ocrx_word' id='word_1_40' title='bbox 550 757 575 807; x_wconf 91' lang='lat' dir='ltr'>N</span> <span class='ocrx_word' id='word_1_41' title='bbox 575 758 682 825; x_wconf 83' lang='lat' dir='ltr'>ymphae</span> <span class='ocrx_word' id='word_1_42' title='bbox 693 759 833 827; x_wconf 84' lang='lat' dir='ltr'>indignata</span> <span class='ocrx_word' id='word_1_43' title='bbox 845 760 923 813; x_wconf 89' lang='lat' dir='ltr'>licere</span> 
     </span>
    </p>

    <p class='ocr_par' dir='ltr' id='par_1_8' title="bbox 251 825 860 892">
     <span class='ocr_line' id='line_1_8' title="bbox 251 825 860 892; baseline 0.008 -16"><span class='ocrx_word' id='word_1_44' title='bbox 251 825 377 892; x_wconf 83' lang='lat' dir='ltr'>Accessit,</span> <span class='ocrx_word' id='word_1_45' title='bbox 389 825 525 892; x_wconf 89' lang='lat' dir='ltr'>telumque</span> <span class='ocrx_word' id='word_1_46' title='bbox 537 826 637 877; x_wconf 80' lang='lat' dir='ltr'>altach</span> <span class='ocrx_word' id='word_1_47' title='bbox 649 827 737 879; x_wconf 79' lang='lat' dir='ltr'>radice</span> <span class='ocrx_word' id='word_1_48' title='bbox 749 828 860 881; x_wconf 87' lang='lat' dir='ltr'>revellit.</span> 
     </span>
    </p>

    <p class='ocr_par' dir='ltr' id='par_1_9' title="bbox 253 893 817 964">
     <span class='ocr_line' id='line_1_9' title="bbox 253 893 817 964; baseline 0.009 -20"><span class='ocrx_word' id='word_1_49' title='bbox 253 893 306 945; x_wconf 93' lang='lat' dir='ltr'>Olli</span> <span class='ocrx_word' id='word_1_50' title='bbox 319 894 450 961; x_wconf 88' lang='lat' dir='ltr'>sublimes,</span> <span class='ocrx_word' id='word_1_51' title='bbox 463 895 542 946; x_wconf 87' lang='lat' dir='ltr'>armis</span> <span class='ocrx_word' id='word_1_52' title='bbox 554 895 700 962; x_wconf 82' lang='lat' dir='ltr'>animisque</span> <span class='ocrx_word' id='word_1_53' title='bbox 717 898 817 964; x_wconf 89' lang='lat' dir='ltr'>refecti,</span> 
     </span>
    </p>

    <p class='ocr_par' dir='ltr' id='par_1_10' title="bbox 252 961 879 1035">
     <span class='ocr_line' id='line_1_10' title="bbox 252 961 879 1035; baseline 0.01 -22"><span class='ocrx_word' id='word_1_54' title='bbox 252 961 305 1014; x_wconf 90' lang='lat' dir='ltr'>Hic</span> <span class='ocrx_word' id='word_1_55' title='bbox 318 962 405 1030; x_wconf 80' lang='lat' dir='ltr'>gladio</span> <span class='ocrx_word' id='word_1_56' title='bbox 417 963 508 1030; x_wconf 88' lang='lat' dir='ltr'>fidens,</span> <span class='ocrx_word' id='word_1_57' title='bbox 520 964 564 1015; x_wconf 89' lang='lat' dir='ltr'>hic</span> <span class='ocrx_word' id='word_1_58' title='bbox 576 981 635 1016; x_wconf 90' lang='lat' dir='ltr'>acer</span> <span class='ocrx_word' id='word_1_59' title='bbox 647 971 674 1017; x_wconf 91' lang='lat' dir='ltr'>et</span> <span class='ocrx_word' id='word_1_60' title='bbox 686 965 783 1018; x_wconf 87' lang='lat' dir='ltr'>arduus</span> <span class='ocrx_word' id='word_1_61' title='bbox 794 967 879 1035; x_wconf 76' lang='lat' dir='ltr'>haste,</span> 
     </span>
    </p>

    <p class='ocr_par' dir='ltr' id='par_1_11' title="bbox 251 1032 1093 1175">
     <span class='ocr_line' id='line_1_11' title="bbox 251 1032 1093 1094; baseline 0.013 -12"><span class='ocrx_word' id='word_1_62' title='bbox 251 1032 392 1084; x_wconf 85' lang='lat' dir='ltr'>Adsistunt</span> <span class='ocrx_word' id='word_1_63' title='bbox 404 1038 496 1084; x_wconf 89' lang='lat' dir='ltr'>contra</span> <span class='ocrx_word' id='word_1_64' title='bbox 508 1033 651 1085; x_wconf 88' lang='lat' dir='ltr'>certamine</span> <span class='ocrx_word' id='word_1_65' title='bbox 663 1033 758 1087; x_wconf 88' lang='lat' dir='ltr'>Martis</span> <span class='ocrx_word' id='word_1_66' title='bbox 770 1036 866 1089; x_wconf 87' lang='lat' dir='ltr'>anheli.</span> <span class='ocrx_word' id='word_1_67' title='bbox 1041 1042 1093 1094; x_wconf 89' lang='grc'>790</span> 
     </span>
     <span class='ocr_line' id='line_1_12' title="bbox 287 1101 921 1175; baseline 0.009 -23"><span class='ocrx_word' id='word_1_68' title='bbox 287 1101 307 1153; x_wconf 88' lang='lat' dir='ltr'><strong>J</strong></span> <span class='ocrx_word' id='word_1_69' title='bbox 307 1118 421 1152; x_wconf 88' lang='lat' dir='ltr'>unonem</span> <span class='ocrx_word' id='word_1_70' title='bbox 432 1101 534 1154; x_wconf 85' lang='lat' dir='ltr'>interea</span> <span class='ocrx_word' id='word_1_71' title='bbox 546 1102 603 1155; x_wconf 89' lang='lat' dir='ltr'>Rex</span> <span class='ocrx_word' id='word_1_72' title='bbox 615 1103 802 1171; x_wconf 87' lang='lat' dir='ltr'>omnipotentis</span> <span class='ocrx_word' id='word_1_73' title='bbox 815 1105 921 1175; x_wconf 84' lang='lat' dir='ltr'>Olympi</span> 
     </span>
    </p>

    <p class='ocr_par' dir='ltr' id='par_1_12' title="bbox 252 1169 887 1239">
     <span class='ocr_line' id='line_1_13' title="bbox 252 1169 887 1239; baseline 0.008 -18"><span class='ocrx_word' id='word_1_74' title='bbox 252 1169 411 1238; x_wconf 85' lang='lat' dir='ltr'>Alloquitur,</span> <span class='ocrx_word' id='word_1_75' title='bbox 424 1171 499 1223; x_wconf 81' lang='lat' dir='ltr'>fulva</span> <span class='ocrx_word' id='word_1_76' title='bbox 510 1188 613 1239; x_wconf 85' lang='lat' dir='ltr'>pugnas</span> <span class='ocrx_word' id='word_1_77' title='bbox 625 1172 658 1224; x_wconf 89' lang='lat' dir='ltr'>de</span> <span class='ocrx_word' id='word_1_78' title='bbox 669 1173 740 1224; x_wconf 92' lang='lat' dir='ltr'>nube</span> <span class='ocrx_word' id='word_1_79' title='bbox 752 1180 887 1227; x_wconf 89' lang='lat' dir='ltr'>tuentem:</span> 
     </span>
    </p>

    <p class='ocr_par' dir='ltr' id='par_1_13' title="bbox 252 1237 1011 1308">
     <span class='ocr_line' id='line_1_14' title="bbox 252 1237 1011 1308; baseline 0.009 -19"><span class='ocrx_word' id='word_1_80' title='bbox 252 1240 268 1267; x_wconf 87' lang='lat'>“</span> <span class='ocrx_word' id='word_1_81' title='bbox 278 1239 342 1302; x_wconf 85' lang='lat' dir='ltr'>Quae</span> <span class='ocrx_word' id='word_1_82' title='bbox 350 1240 408 1307; x_wconf 83' lang='lat' dir='ltr'>jam</span> <span class='ocrx_word' id='word_1_83' title='bbox 420 1237 480 1289; x_wconf 85' lang='lat' dir='ltr'>finis</span> <span class='ocrx_word' id='word_1_84' title='bbox 493 1238 551 1304; x_wconf 86' lang='lat' dir='ltr'>erit,</span> <span class='ocrx_word' id='word_1_85' title='bbox 563 1241 661 1307; x_wconf 89' lang='lat' dir='ltr'>conjux</span> <span class='ocrx_word' id='word_1_86' title='bbox 673 1240 683 1292; x_wconf 84' lang='lat' dir='ltr'>l</span> <span class='ocrx_word' id='word_1_87' title='bbox 702 1240 766 1308; x_wconf 91' lang='lat' dir='ltr'>quid</span> <span class='ocrx_word' id='word_1_88' title='bbox 781 1240 894 1307; x_wconf 88' lang='lat' dir='ltr'>denique</span> <span class='ocrx_word' id='word_1_89' title='bbox 905 1248 989 1294; x_wconf 88' lang='lat' dir='ltr'>restat</span> <span class='ocrx_word' id='word_1_90' title='bbox 1001 1245 1011 1297; x_wconf 80' lang='lat' dir='ltr'>l</span> 
     </span>
    </p>

    <p class='ocr_par' dir='ltr' id='par_1_14' title="bbox 252 1305 886 1374">
     <span class='ocr_line' id='line_1_15' title="bbox 252 1305 886 1374; baseline -0.003 -16"><span class='ocrx_word' id='word_1_91' title='bbox 252 1305 403 1374; x_wconf 87' lang='lat' dir='ltr'>Indigetem</span> <span class='ocrx_word' id='word_1_92' title='bbox 414 1306 518 1358; x_wconf 82' lang='lat' dir='ltr'>AEnean</span> <span class='ocrx_word' id='word_1_93' title='bbox 530 1306 580 1357; x_wconf 87' lang='lat' dir='ltr'>scis</span> <span class='ocrx_word' id='word_1_94' title='bbox 592 1307 658 1374; x_wconf 89' lang='lat' dir='ltr'>ipsa,</span> <span class='ocrx_word' id='word_1_95' title='bbox 670 1311 698 1357; x_wconf 91' lang='lat' dir='ltr'>et</span> <span class='ocrx_word' id='word_1_96' title='bbox 710 1306 775 1356; x_wconf 90' lang='lat' dir='ltr'>scire</span> <span class='ocrx_word' id='word_1_97' title='bbox 787 1306 886 1373; x_wconf 84' lang='lat' dir='ltr'>fateris,</span> 
     </span>
    </p>

    <p class='ocr_par' dir='ltr' id='par_1_15' title="bbox 251 1374 780 1442">
     <span class='ocr_line' id='line_1_16' title="bbox 251 1374 780 1442; baseline -0.004 -14"><span class='ocrx_word' id='word_1_98' title='bbox 251 1374 348 1428; x_wconf 92' lang='lat' dir='ltr'>Deberi</span> <span class='ocrx_word' id='word_1_99' title='bbox 360 1375 432 1441; x_wconf 86' lang='lat' dir='ltr'>coelo,</span> <span class='ocrx_word' id='word_1_100' title='bbox 444 1375 558 1442; x_wconf 81' lang='lat' dir='ltr'>fatisque</span> <span class='ocrx_word' id='word_1_101' title='bbox 570 1375 604 1426; x_wconf 92' lang='lat' dir='ltr'>ad</span> <span class='ocrx_word' id='word_1_102' title='bbox 617 1375 703 1425; x_wconf 85' lang='lat' dir='ltr'>sidera</span> <span class='ocrx_word' id='word_1_103' title='bbox 714 1374 780 1426; x_wconf 85' lang='lat' dir='ltr'>tolli</span> 
     </span>
    </p>

    <p class='ocr_par' dir='ltr' id='par_1_16' title="bbox 254 1442 1012 1512">
     <span class='ocr_line' id='line_1_17' title="bbox 254 1442 1012 1512; baseline 0 -16"><span class='ocrx_word' id='word_1_104' title='bbox 254 1445 324 1508; x_wconf 83' lang='lat' dir='ltr'>Quid</span> <span class='ocrx_word' id='word_1_105' title='bbox 336 1444 415 1496; x_wconf 86' lang='lat' dir='ltr'>struis</span> <span class='ocrx_word' id='word_1_106' title='bbox 425 1444 435 1497; x_wconf 85' lang='lat' dir='ltr'>l</span> <span class='ocrx_word' id='word_1_107' title='bbox 453 1449 501 1496; x_wconf 91' lang='lat' dir='ltr'>aut</span> <span class='ocrx_word' id='word_1_108' title='bbox 513 1461 566 1511; x_wconf 91' lang='lat' dir='ltr'>qua</span> <span class='ocrx_word' id='word_1_109' title='bbox 579 1461 625 1512; x_wconf 92' lang='lat' dir='ltr'>spe</span> <span class='ocrx_word' id='word_1_110' title='bbox 636 1443 730 1511; x_wconf 85' lang='lat' dir='ltr'>gelidis</span> <span class='ocrx_word' id='word_1_111' title='bbox 743 1443 772 1494; x_wconf 91' lang='lat' dir='ltr'>in</span> <span class='ocrx_word' id='word_1_112' title='bbox 783 1442 898 1495; x_wconf 90' lang='lat' dir='ltr'>nubibus</span> <span class='ocrx_word' id='word_1_113' title='bbox 910 1443 992 1495; x_wconf 84' lang='lat' dir='ltr'>haeres</span> <span class='ocrx_word' id='word_1_114' title='bbox 1002 1444 1012 1496; x_wconf 88' lang='lat' dir='ltr'>l</span> 
     </span>
    </p>

    <p class='ocr_par' dir='ltr' id='par_1_17' title="bbox 252 1511 839 1566">
     <span class='ocr_line' id='line_1_18' title="bbox 252 1511 839 1566; baseline -0.002 -1"><span class='ocrx_word' id='word_1_115' title='bbox 252 1512 388 1566; x_wconf 88' lang='lat' dir='ltr'>Mortalin&#39;</span> <span class='ocrx_word' id='word_1_116' title='bbox 401 1513 490 1565; x_wconf 90' lang='lat' dir='ltr'>decuit</span> <span class='ocrx_word' id='word_1_117' title='bbox 502 1513 594 1566; x_wconf 85' lang='lat' dir='ltr'>violari</span> <span class='ocrx_word' id='word_1_118' title='bbox 606 1513 715 1565; x_wconf 77' lang='lat' dir='ltr'>vulnere</span> <span class='ocrx_word' id='word_1_119' title='bbox 727 1511 819 1565; x_wconf 88' lang='lat' dir='ltr'>divum</span> <span class='ocrx_word' id='word_1_120' title='bbox 829 1512 839 1564; x_wconf 88' lang='lat' dir='ltr'>l</span> 
     </span>
    </p>

    <p class='ocr_par' dir='ltr' id='par_1_18' title="bbox 252 1581 997 1650">
     <span class='ocr_line' id='line_1_19' title="bbox 252 1581 997 1650; baseline 0 -16"><span class='ocrx_word' id='word_1_121' title='bbox 252 1582 312 1634; x_wconf 90' lang='lat' dir='ltr'>Aut</span> <span class='ocrx_word' id='word_1_122' title='bbox 321 1582 509 1650; x_wconf 86' lang='lat' dir='ltr'>ensem-quid</span> <span class='ocrx_word' id='word_1_123' title='bbox 521 1582 592 1633; x_wconf 91' lang='lat' dir='ltr'>enim</span> <span class='ocrx_word' id='word_1_124' title='bbox 605 1582 660 1633; x_wconf 89' lang='lat' dir='ltr'>sine</span> <span class='ocrx_word' id='word_1_125' title='bbox 672 1592 699 1633; x_wconf 88' lang='lat' dir='ltr'>te</span> <span class='ocrx_word' id='word_1_126' title='bbox 711 1581 831 1634; x_wconf 75' lang='lat' dir='ltr'>Juturna</span> <span class='ocrx_word' id='word_1_127' title='bbox 842 1581 941 1634; x_wconf 81' lang='lat' dir='ltr'>valeret</span> <span class='ocrx_word' id='word_1_128' title='bbox 951 1581 997 1634; x_wconf 78' lang='lat' dir='ltr'>l-</span> 
     </span>
    </p>

    <p class='ocr_par' dir='ltr' id='par_1_19' title="bbox 252 1651 914 1720">
     <span class='ocr_line' id='line_1_20' title="bbox 252 1651 914 1720; baseline 0 -17"><span class='ocrx_word' id='word_1_129' title='bbox 252 1651 382 1720; x_wconf 88' lang='lat' dir='ltr'>Ereptum</span> <span class='ocrx_word' id='word_1_130' title='bbox 392 1651 469 1703; x_wconf 89' lang='lat' dir='ltr'>reddi</span> <span class='ocrx_word' id='word_1_131' title='bbox 480 1651 575 1717; x_wconf 78' lang='lat' dir='ltr'>Turno,</span> <span class='ocrx_word' id='word_1_132' title='bbox 588 1657 615 1703; x_wconf 92' lang='lat' dir='ltr'>et</span> <span class='ocrx_word' id='word_1_133' title='bbox 627 1652 682 1704; x_wconf 86' lang='lat' dir='ltr'>vim</span> <span class='ocrx_word' id='word_1_134' title='bbox 693 1668 807 1703; x_wconf 83' lang='lat' dir='ltr'>crescere</span> <span class='ocrx_word' id='word_1_135' title='bbox 820 1651 914 1703; x_wconf 81' lang='lat' dir='ltr'>victisl</span> 
     </span>
    </p>

    <p class='ocr_par' dir='ltr' id='par_1_20' title="bbox 252 1720 1094 1789">
     <span class='ocr_line' id='line_1_21' title="bbox 252 1720 1094 1789; baseline -0.001 -15"><span class='ocrx_word' id='word_1_136' title='bbox 252 1721 350 1774; x_wconf 87' lang='lat' dir='ltr'>Desine</span> <span class='ocrx_word' id='word_1_137' title='bbox 359 1724 416 1789; x_wconf 86' lang='lat' dir='ltr'>jam</span> <span class='ocrx_word' id='word_1_138' title='bbox 427 1720 543 1787; x_wconf 88' lang='lat' dir='ltr'>tandem,</span> <span class='ocrx_word' id='word_1_139' title='bbox 555 1720 727 1788; x_wconf 86' lang='lat' dir='ltr'>precibusque</span> <span class='ocrx_word' id='word_1_140' title='bbox 738 1721 871 1773; x_wconf 90' lang='lat' dir='ltr'>inflectere</span> <span class='ocrx_word' id='word_1_141' title='bbox 883 1721 996 1784; x_wconf 88' lang='lat' dir='ltr'>nostris;</span> <span class='ocrx_word' id='word_1_142' title='bbox 1043 1724 1094 1774; x_wconf 91' lang='grc'>800</span> 
     </span>
    </p>

    <p class='ocr_par' dir='ltr' id='par_1_21' title="bbox 252 1789 952 1854">
     <span class='ocr_line' id='line_1_22' title="bbox 252 1789 952 1854; baseline 0 -12"><span class='ocrx_word' id='word_1_143' title='bbox 252 1789 309 1842; x_wconf 88' lang='lat' dir='ltr'>Nec</span> <span class='ocrx_word' id='word_1_144' title='bbox 321 1795 348 1842; x_wconf 87' lang='lat' dir='ltr'>te</span> <span class='ocrx_word' id='word_1_145' title='bbox 360 1795 451 1842; x_wconf 85' lang='lat' dir='ltr'>tantus</span> <span class='ocrx_word' id='word_1_146' title='bbox 464 1791 526 1841; x_wconf 90' lang='lat' dir='ltr'>edat</span> <span class='ocrx_word' id='word_1_147' title='bbox 537 1790 646 1842; x_wconf 87' lang='lat' dir='ltr'>tacitam</span> <span class='ocrx_word' id='word_1_148' title='bbox 659 1790 749 1854; x_wconf 90' lang='lat' dir='ltr'>dolor;</span> <span class='ocrx_word' id='word_1_149' title='bbox 767 1795 794 1842; x_wconf 92' lang='lat' dir='ltr'>et</span> <span class='ocrx_word' id='word_1_150' title='bbox 805 1791 872 1842; x_wconf 91' lang='lat' dir='ltr'>mihi</span> <span class='ocrx_word' id='word_1_151' title='bbox 884 1807 952 1842; x_wconf 87' lang='lat' dir='ltr'>curae</span> 
     </span>
    </p>

    <p class='ocr_par' dir='ltr' id='par_1_22' title="bbox 253 1858 823 1928">
     <span class='ocr_line' id='line_1_23' title="bbox 253 1858 823 1928; baseline 0.002 -17"><span class='ocrx_word' id='word_1_152' title='bbox 253 1859 328 1928; x_wconf 80' lang='lat' dir='ltr'>Saepe</span> <span class='ocrx_word' id='word_1_153' title='bbox 340 1866 387 1911; x_wconf 90' lang='lat' dir='ltr'>tuo</span> <span class='ocrx_word' id='word_1_154' title='bbox 399 1858 471 1910; x_wconf 89' lang='lat' dir='ltr'>dulci</span> <span class='ocrx_word' id='word_1_155' title='bbox 482 1859 571 1910; x_wconf 88' lang='lat' dir='ltr'>tristes</span> <span class='ocrx_word' id='word_1_156' title='bbox 583 1876 616 1910; x_wconf 85' lang='lat' dir='ltr'>ex</span> <span class='ocrx_word' id='word_1_157' title='bbox 628 1876 671 1911; x_wconf 88' lang='lat' dir='ltr'>ore</span> <span class='ocrx_word' id='word_1_158' title='bbox 683 1866 823 1912; x_wconf 89' lang='lat' dir='ltr'>recursent.</span> 
     </span>
    </p>

    <p class='ocr_par' dir='ltr' id='par_1_23' title="bbox 253 1927 1010 1996">
     <span class='ocr_line' id='line_1_24' title="bbox 253 1927 1010 1996; baseline 0.001 -16"><span class='ocrx_word' id='word_1_159' title='bbox 253 1929 372 1980; x_wconf 89' lang='lat' dir='ltr'>Ventum</span> <span class='ocrx_word' id='word_1_160' title='bbox 383 1929 418 1980; x_wconf 90' lang='lat' dir='ltr'>ad</span> <span class='ocrx_word' id='word_1_161' title='bbox 430 1945 579 1996; x_wconf 90' lang='lat' dir='ltr'>supremum</span> <span class='ocrx_word' id='word_1_162' title='bbox 592 1927 638 1980; x_wconf 84' lang='lat' dir='ltr'>est.</span> <span class='ocrx_word' id='word_1_163' title='bbox 668 1928 753 1980; x_wconf 79' lang='lat' dir='ltr'>Terris</span> <span class='ocrx_word' id='word_1_164' title='bbox 765 1929 866 1995; x_wconf 85' lang='lat' dir='ltr'>agitare</span> <span class='ocrx_word' id='word_1_165' title='bbox 878 1928 920 1980; x_wconf 83' lang='lat' dir='ltr'>vel</span> <span class='ocrx_word' id='word_1_166' title='bbox 932 1929 1010 1981; x_wconf 87' lang='lat' dir='ltr'>undis</span> 
     </span>
    </p>

    <p class='ocr_par' dir='ltr' id='par_1_24' title="bbox 253 1997 946 2066">
     <span class='ocr_line' id='line_1_25' title="bbox 253 1997 946 2066; baseline 0 -18"><span class='ocrx_word' id='word_1_167' title='bbox 253 1998 377 2066; x_wconf 74' lang='lat' dir='ltr'>Trojanos</span> <span class='ocrx_word' id='word_1_168' title='bbox 389 1997 500 2066; x_wconf 81' lang='lat' dir='ltr'>potuisti</span> <span class='ocrx_word' id='word_1_169' title='bbox 510 2015 517 2060; x_wconf 89' lang='lat'>;</span> <span class='ocrx_word' id='word_1_170' title='bbox 535 1997 674 2048; x_wconf 84' lang='lat' dir='ltr'>infandum</span> <span class='ocrx_word' id='word_1_171' title='bbox 686 1997 827 2049; x_wconf 88' lang='lat' dir='ltr'>accendere</span> <span class='ocrx_word' id='word_1_172' title='bbox 839 1997 946 2063; x_wconf 90' lang='lat' dir='ltr'>bellum,</span> 
     </span>
    </p>

    <p class='ocr_par' dir='ltr' id='par_1_25' title="bbox 252 2066 955 2132">
     <span class='ocr_line' id='line_1_26' title="bbox 252 2066 955 2132; baseline -0.001 -13"><span class='ocrx_word' id='word_1_173' title='bbox 252 2067 406 2120; x_wconf 81' lang='lat' dir='ltr'>Deformere</span> <span class='ocrx_word' id='word_1_174' title='bbox 418 2066 531 2132; x_wconf 89' lang='lat' dir='ltr'>domum,</span> <span class='ocrx_word' id='word_1_175' title='bbox 544 2071 571 2118; x_wconf 89' lang='lat' dir='ltr'>et</span> <span class='ocrx_word' id='word_1_176' title='bbox 583 2066 659 2117; x_wconf 91' lang='lat' dir='ltr'>luctu</span> <span class='ocrx_word' id='word_1_177' title='bbox 671 2067 779 2118; x_wconf 87' lang='lat' dir='ltr'>miscere</span> <span class='ocrx_word' id='word_1_178' title='bbox 791 2066 955 2132; x_wconf 69' lang='lat' dir='ltr'>hymenaeos:</span> 
     </span>
    </p>

    <p class='ocr_par' dir='ltr' id='par_1_26' title="bbox 251 2129 885 2196">
     <span class='ocr_line' id='line_1_27' title="bbox 251 2129 885 2196; baseline -0.017 -10"><span class='ocrx_word' id='word_1_179' title='bbox 251 2135 370 2186; x_wconf 87' lang='lat' dir='ltr'>Ulterius</span> <span class='ocrx_word' id='word_1_180' title='bbox 382 2139 486 2186; x_wconf 91' lang='lat' dir='ltr'>tentare</span> <span class='ocrx_word' id='word_1_181' title='bbox 497 2133 582 2186; x_wconf 82' lang='lat' dir='ltr'>vet0.”</span> <span class='ocrx_word' id='word_1_182' title='bbox 618 2131 662 2184; x_wconf 84' lang='lat' dir='ltr'>Sic</span> <span class='ocrx_word' id='word_1_183' title='bbox 674 2129 784 2196; x_wconf 89' lang='lat' dir='ltr'>Jupiter</span> <span class='ocrx_word' id='word_1_184' title='bbox 795 2141 885 2188; x_wconf 82' lang='lat' dir='ltr'>orsus3</span> 
     </span>
    </p>

    <p class='ocr_par' dir='ltr' id='par_1_27' title="bbox 254 2195 846 2256">
     <span class='ocr_line' id='line_1_28' title="bbox 254 2195 846 2256; baseline -0.012 -2"><span class='ocrx_word' id='word_1_185' title='bbox 254 2203 298 2255; x_wconf 90' lang='lat' dir='ltr'>Sic</span> <span class='ocrx_word' id='word_1_186' title='bbox 311 2204 360 2256; x_wconf 92' lang='lat' dir='ltr'>dea</span> <span class='ocrx_word' id='word_1_187' title='bbox 372 2201 499 2255; x_wconf 89' lang='lat' dir='ltr'>submisse</span> <span class='ocrx_word' id='word_1_188' title='bbox 511 2206 602 2253; x_wconf 80' lang='lat' dir='ltr'>contra</span> <span class='ocrx_word' id='word_1_189' title='bbox 614 2198 741 2252; x_wconf 80' lang='lat' dir='ltr'>Saturnia</span> <span class='ocrx_word' id='word_1_190' title='bbox 752 2195 846 2248; x_wconf 79' lang='lat' dir='ltr'>vultu:</span> 
     </span>
    </p>

    <p class='ocr_par' dir='ltr' id='par_1_28' title="bbox 253 2261 1003 2340">
     <span class='ocr_line' id='line_1_29' title="bbox 253 2261 1003 2340; baseline -0.012 -16"><span class='ocrx_word' id='word_1_191' title='bbox 253 2275 267 2302; x_wconf 81' lang='lat'>‘⁴</span> <span class='ocrx_word' id='word_1_192' title='bbox 277 2273 334 2324; x_wconf 85' lang='lat' dir='ltr'>Ista</span> <span class='ocrx_word' id='word_1_193' title='bbox 346 2272 453 2340; x_wconf 89' lang='lat' dir='ltr'>quidem</span> <span class='ocrx_word' id='word_1_194' title='bbox 465 2270 528 2337; x_wconf 88' lang='lat' dir='ltr'>quia</span> <span class='ocrx_word' id='word_1_195' title='bbox 539 2276 603 2321; x_wconf 89' lang='lat' dir='ltr'>nota</span> <span class='ocrx_word' id='word_1_196' title='bbox 611 2268 679 2320; x_wconf 93' lang='lat' dir='ltr'>mihi</span> <span class='ocrx_word' id='word_1_197' title='bbox 691 2272 752 2340; x_wconf 70' lang='lat' dir='ltr'>tua,</span> <span class='ocrx_word' id='word_1_198' title='bbox 757 2280 859 2339; x_wconf 80' lang='lat' dir='ltr'>magne,</span> <span class='ocrx_word' id='word_1_199' title='bbox 871 2261 1003 2339; x_wconf 74' lang='lat' dir='ltr'>veluntas,</span> 
     </span>
    </p>

    <p class='ocr_par' dir='ltr' id='par_1_29' title="bbox 252 2328 896 2408">
     <span class='ocr_line' id='line_1_30' title="bbox 252 2328 896 2408; baseline -0.022 -16"><span class='ocrx_word' id='word_1_200' title='bbox 252 2339 377 2408; x_wconf 87' lang='lat' dir='ltr'>Jupiter:</span> <span class='ocrx_word' id='word_1_201' title='bbox 395 2344 422 2390; x_wconf 89' lang='lat' dir='ltr'>et</span> <span class='ocrx_word' id='word_1_202' title='bbox 435 2337 552 2388; x_wconf 73' lang='lat' dir='ltr'>Turnum</span> <span class='ocrx_word' id='word_1_203' title='bbox 565 2339 592 2385; x_wconf 93' lang='lat' dir='ltr'>et</span> <span class='ocrx_word' id='word_1_204' title='bbox 604 2338 686 2385; x_wconf 84' lang='lat' dir='ltr'>terras</span> <span class='ocrx_word' id='word_1_205' title='bbox 698 2331 783 2383; x_wconf 82' lang='lat' dir='ltr'>invita</span> <span class='ocrx_word' id='word_1_206' title='bbox 794 2328 896 2396; x_wconf 86' lang='lat' dir='ltr'>rehqur.</span> 
     </span>
    </p>

    <p class='ocr_par' dir='ltr' id='par_1_30' title="bbox 252 2394 1092 2462">
     <span class='ocr_line' id='line_1_31' title="bbox 252 2394 1092 2462; baseline -0.02 -1"><span class='ocrx_word' id='word_1_207' title='bbox 252 2410 308 2462; x_wconf 88' lang='lat' dir='ltr'>Nec</span> <span class='ocrx_word' id='word_1_208' title='bbox 321 2414 353 2460; x_wconf 93' lang='lat' dir='ltr'>tu</span> <span class='ocrx_word' id='word_1_209' title='bbox 363 2424 406 2458; x_wconf 91' lang='lat' dir='ltr'>me</span> <span class='ocrx_word' id='word_1_210' title='bbox 418 2405 491 2457; x_wconf 75' lang='lat' dir='ltr'>seria.</span> <span class='ocrx_word' id='word_1_211' title='bbox 503 2404 585 2456; x_wconf 86' lang='lat' dir='ltr'>solam</span> <span class='ocrx_word' id='word_1_212' title='bbox 596 2418 667 2453; x_wconf 89' lang='lat' dir='ltr'>nunc</span> <span class='ocrx_word' id='word_1_213' title='bbox 680 2401 740 2452; x_wconf 87' lang='lat' dir='ltr'>sede</span> <span class='ocrx_word' id='word_1_214' title='bbox 753 2398 854 2450; x_wconf 87' lang='lat' dir='ltr'>videres</span> <span class='ocrx_word' id='word_1_215' title='bbox 1040 2394 1092 2446; x_wconf 83' lang='lat'>810</span> 
     </span>
    </p>
   </div>
   <div class='ocr_carea' id='block_1_3' title="bbox 252 2463 1048 2679">
    <p class='ocr_par' dir='ltr' id='par_1_31' title="bbox 252 2463 1048 2679">
     <span class='ocr_line' id='line_1_32' title="bbox 252 2463 991 2545; baseline -0.023 -14"><span class='ocrx_word' id='word_1_216' title='bbox 252 2478 342 2545; x_wconf 88' lang='lat' dir='ltr'>Digna</span> <span class='ocrx_word' id='word_1_217' title='bbox 352 2476 464 2542; x_wconf 84' lang='lat' dir='ltr'>indigna</span> <span class='ocrx_word' id='word_1_218' title='bbox 475 2473 531 2542; x_wconf 77' lang='lat' dir='ltr'>peti</span> <span class='ocrx_word' id='word_1_219' title='bbox 542 2490 549 2536; x_wconf 92' lang='lat'>;</span> <span class='ocrx_word' id='word_1_220' title='bbox 567 2472 612 2523; x_wconf 90' lang='lat' dir='ltr'>sed</span> <span class='ocrx_word' id='word_1_221' title='bbox 623 2469 736 2521; x_wconf 88' lang='lat' dir='ltr'>flammis</span> <span class='ocrx_word' id='word_1_222' title='bbox 748 2468 835 2519; x_wconf 89' lang='lat' dir='ltr'>cincta</span> <span class='ocrx_word' id='word_1_223' title='bbox 846 2463 991 2545; x_wconf 78' lang='lat' dir='ltr'>subipssm</span> 
     </span>
     <span class='ocr_line' id='line_1_33' title="bbox 253 2533 1048 2610; baseline -0.018 -10"><span class='ocrx_word' id='word_1_224' title='bbox 253 2547 357 2600; x_wconf 86' lang='lat' dir='ltr'>Starem</span> <span class='ocrx_word' id='word_1_225' title='bbox 369 2545 460 2610; x_wconf 85' lang='lat' dir='ltr'>aciem,</span> <span class='ocrx_word' id='word_1_226' title='bbox 473 2542 654 2608; x_wconf 86' lang='lat' dir='ltr'>traheremque</span> <span class='ocrx_word' id='word_1_227' title='bbox 666 2537 774 2590; x_wconf 87' lang='lat' dir='ltr'>inimica</span> <span class='ocrx_word' id='word_1_228' title='bbox 785 2537 813 2587; x_wconf 94' lang='lat' dir='ltr'>in</span> <span class='ocrx_word' id='word_1_229' title='bbox 826 2534 918 2603; x_wconf 77' lang='lat' dir='ltr'>proella</span> <span class='ocrx_word' id='word_1_230' title='bbox 929 2533 1048 2586; x_wconf 75' lang='lat' dir='ltr'>Teucros.</span> 
     </span>
     <span class='ocr_line' id='line_1_34' title="bbox 254 2604 871 2679; baseline -0.024 -9"><span class='ocrx_word' id='word_1_231' title='bbox 254 2617 274 2670; x_wconf 90' lang='lat' dir='ltr'><strong>J</strong></span> <span class='ocrx_word' id='word_1_232' title='bbox 276 2622 403 2669; x_wconf 88' lang='lat' dir='ltr'>uturnam</span> <span class='ocrx_word' id='word_1_233' title='bbox 415 2613 516 2679; x_wconf 86' lang='lat' dir='ltr'>misere,</span> <span class='ocrx_word' id='word_1_234' title='bbox 528 2612 619 2675; x_wconf 86' lang='lat' dir='ltr'>fateor,</span> <span class='ocrx_word' id='word_1_235' title='bbox 633 2623 782 2660; x_wconf 88' lang='lat' dir='ltr'>succurrere</span> <span class='ocrx_word' id='word_1_236' title='bbox 794 2604 871 2656; x_wconf 85' lang='lat' dir='ltr'>fratri</span> 
     </span>
    </p>
   </div>
   <div class='ocr_carea' id='block_1_4' title="bbox 243 2674 962 2893">
    <p class='ocr_par' dir='ltr' id='par_1_32' title="bbox 243 2674 962 2893">
     <span class='ocr_line' id='line_1_35' title="bbox 254 2674 861 2803; baseline -0.023 -64"><span class='ocrx_word' id='word_1_237' title='bbox 254 2685 339 2751; x_wconf 81' lang='lat' dir='ltr'>Suasi,</span> <span class='ocrx_word' id='word_1_238' title='bbox 352 2690 379 2736; x_wconf 91' lang='lat' dir='ltr'>et</span> <span class='ocrx_word' id='word_1_239' title='bbox 391 2699 437 2803; x_wconf 66' lang='lat' dir='ltr'>pro</span> <span class='ocrx_word' id='word_1_240' title='bbox 449 2681 505 2733; x_wconf 87' lang='lat' dir='ltr'>vita</span> <span class='ocrx_word' id='word_1_241' title='bbox 517 2681 617 2747; x_wconf 82' lang='lat' dir='ltr'>majora</span> <span class='ocrx_word' id='word_1_242' title='bbox 628 2678 724 2730; x_wconf 90' lang='lat' dir='ltr'>audere</span> <span class='ocrx_word' id='word_1_243' title='bbox 736 2674 844 2744; x_wconf 83' lang='lat' dir='ltr'>probavi</span> <span class='ocrx_word' id='word_1_244' title='bbox 854 2692 861 2737; x_wconf 89' lang='lat'>;</span> 
     </span>
     <span class='ocr_line' id='line_1_36' title="bbox 253 2745 962 2817; baseline -0.018 -10"><span class='ocrx_word' id='word_1_245' title='bbox 253 2755 315 2808; x_wconf 88' lang='lat' dir='ltr'>Non</span> <span class='ocrx_word' id='word_1_246' title='bbox 326 2762 358 2804; x_wconf 86' lang='lat' dir='ltr'>ut</span> <span class='ocrx_word' id='word_1_247' title='bbox 371 2767 423 2804; x_wconf 82' lang='lat' dir='ltr'>tea</span> <span class='ocrx_word' id='word_1_248' title='bbox 436 2757 531 2817; x_wconf 87' lang='lat' dir='ltr'>tamen,</span> <span class='ocrx_word' id='word_1_249' title='bbox 545 2765 599 2801; x_wconf 89' lang='lat' dir='ltr'>non</span> <span class='ocrx_word' id='word_1_250' title='bbox 611 2753 643 2802; x_wconf 92' lang='lat' dir='ltr'>ut</span> <span class='ocrx_word' id='word_1_251' title='bbox 654 2745 834 2801; x_wconf 81' lang='lat' dir='ltr'>contenderet</span> <span class='ocrx_word' id='word_1_252' title='bbox 842 2757 962 2803; x_wconf 65' lang='lat' dir='ltr'>arcum</span> 
     </span>
     <span class='ocr_line' id='line_1_37' title="bbox 243 2816 854 2893; baseline -0.002 -23"><span class='ocrx_word' id='word_1_253' title='bbox 243 2822 346 2886; x_wconf 69' lang='grc' dir='ltr'><em>Διζίωο</em></span> <span class='ocrx_word' id='word_1_254' title='bbox 357 2819 449 2888; x_wconf 72' lang='lat' dir='ltr'>Stygii</span> <span class='ocrx_word' id='word_1_255' title='bbox 461 2826 547 2889; x_wconf 84' lang='lat' dir='ltr'>caput</span> <span class='ocrx_word' id='word_1_256' title='bbox 558 2819 739 2893; x_wconf 87' lang='lat' dir='ltr'>implacabile</span> <span class='ocrx_word' id='word_1_257' title='bbox 750 2816 854 2882; x_wconf 76' lang='lat' dir='ltr'>ient&#39;is,</span> 
     </span>
    </p>
   </div>
   <div class='ocr_carea' id='block_1_5' title="bbox 0 0 1356 3242">
    <p class='ocr_par' dir='ltr' id='par_1_33' title="bbox 0 0 1356 3242">
     <span class='ocr_line' id='line_1_38' title="bbox 0 0 1356 3242; baseline 0 0"><span class='ocrx_word' id='word_1_258' title='bbox 0 0 1356 3242; x_wconf 95' lang='lat' dir='ltr'> </span> 
     </span>
    </p>
   </div>
  </div>
 </body>
</html>
