2700 3242
524 257 691 311 AENEIDOS
709 258 778 310 LIB.
801 257 828 310 V.
1048 260 1096 307 107

250 357 414 427 Alloquitur,
427 360 544 428 talesque
557 361 670 413 effimdit
683 366 787 429 pectore
800 367 925 429 questus:
1048 361 1098 411 700

251 432 265 458 “
273 430 390 484 Junonis
402 431 491 497 gravis
502 431 549 498 ira,
562 449 611 483 nec
625 432 802 484 exsaturabile
815 436 907 498 peetus

251 497 356 565 (legunt
368 512 419 563 me,
431 497 563 565 Neptune,
576 514 664 566 preces
677 498 833 550 descendere
845 498 874 548 in
886 513 975 548 omnes
986 515 993 559 ;

250 566 338 630 Quam
349 582 399 618 nec
411 565 491 633 longa
503 567 566 633 dies,
578 567 663 635 pietas
675 584 724 619 nec
735 567 843 632 mitigat
855 566 918 632 ulla,

248 634 275 687 N
276 650 310 687 ee
319 635 340 688 J
340 635 396 687 evis
409 634 518 703 imperio
530 636 626 688 fatisve
637 635 752 688 infracta
764 635 883 703 quiescit.

248 703 275 756 N
276 721 311 756 en
322 704 411 756 media
423 704 456 756 da
468 710 547 771 gente
559 704 698 772 Phrygum
709 705 827 756 exedisse
839 702 959 755 nefandis

250 773 351 825 Urbem
363 773 430 825 odiis
443 773 506 825 satis
518 779 565 839 est,
578 791 627 825 nec
639 791 744 841 poenam
757 780 833 825 traxe
845 790 1007 840 peromnem

250 842 405 911 Reliquias;
423 842 507 910 Trojae
519 843 618 894 cineres
631 849 711 910 atque
723 860 780 894 essa
792 850 915 909 peremtae

250 911 413 979 Insequitur.
450 911 547 964 Causas
559 913 630 964 tanti
643 912 708 963 sciat
719 912 768 963 illa
779 912 881 964 luroris.

251 979 313 1049 Ipse
324 980 393 1031 mihi
404 998 489 1049 nuper
501 980 605 1048 Libycis
617 987 649 1032 tu
661 981 736 1033 testis
748 981 777 1036 in
789 981 874 1045 undis,

252 1049 340 1112 Quam
352 1049 448 1101 molem
460 1049 547 1101 subito
559 1050 676 1102 excierit.
712 1050 799 1102 Maria
812 1051 899 1101 emnia
912 1050 976 1102 ceule
1048 1053 1099 1103 790

250 1117 371 1184 Miscuit,
383 1117 477 1170 AEeliis
489 1119 669 1187 nequidquam
681 1119 751 1171 freta
761 1119 891 1188 procellis,

251 1187 286 1239 In
297 1187 387 1254 regnis
399 1187 449 1240 hec
461 1204 525 1240 ausa
537 1188 598 1241 tuis.

252 1255 304 1309 Per
315 1255 401 1308 scelus
414 1273 472 1308 eece
485 1257 566 1309 etiam
578 1257 696 1325 Trojanis
708 1257 836 1309 matribus
848 1258 914 1310 actis

251 1324 365 1377 Exussit
376 1325 445 1378 foede
458 1343 560 1394 puppes
571 1345 578 1390 ;
597 1333 624 1378 et
636 1326 718 1378 classe
730 1327 834 1394 subegit

252 1394 359 1446 Amissa
371 1393 452 1446 socios
464 1395 561 1462 ignotae
573 1395 693 1463 linquere
705 1402 788 1448 terrae.

254 1463 331 1527 Quod
343 1472 469 1544 superest,
481 1480 533 1530 ero,
545 1464 624 1516 liceat
636 1465 699 1516 dare
711 1470 771 1516 tuta
783 1482 830 1532 per
841 1465 927 1516 undas

254 1532 323 1585 Vela
334 1532 386 1585 tibi
398 1535 404 1585 l
423 1532 502 1584 liceat
514 1532 673 1584 Laurentem
686 1534 817 1600 attingere
831 1534 974 1600 Thybrim!

254 1600 284 1654 si
295 1617 418 1653 concessa
429 1607 498 1669 peto,
510 1603 533 1653 si
545 1601 612 1654 dant
624 1619 655 1654 ea
666 1603 764 1655 muenia
776 1601 889 1654 Pareae.'’

290 1669 360 1720 Tum
372 1669 512 1722 Satumius
524 1670 580 1722 haee
593 1671 708 1723 domitor
720 1672 798 1723 maris
811 1672 894 1723 edidit
906 1671 955 1723 alti
967 1689 973 1724 ε

253 1737 330 1790 “Fas
342 1755 419 1790 omne
431 1744 478 1804 est,
491 1739 627 1806 Cytherea,
639 1741 705 1791 meis
717 1747 744 1792 te
756 1740 835 1791 fidere
847 1741 941 1805 regnis.
1046 1743 1098 1791 800

254 1805 334 1858 Unde
345 1822 429 1872 genus
442 1806 523 1858 ducis.
558 1805 646 1857 Merui
659 1823 780 1874 queque;
800 1823 867 1873 saepe
879 1807 979 1858 fureres

255 1875 403 1942 compressi
415 1880 443 1926 et
454 1875 553 1926 rabiem
566 1881 670 1927 tantam
684 1875 795 1943 eoelique
806 1875 944 1942 marisque.

254 1942 280 1995 N
282 1961 313 1996 ec
324 1943 410 1994 minor
421 1944 451 1994 in
463 1944 539 1995 terris
553 1943 703 2011 (Xanthum
715 1944 902 2011 Simeintaque
914 1944 1007 2010 tester)

254 2013 349 2064 AEneae
361 2011 428 2063 mihi
440 2029 504 2064 cura
522 2013 570 2066 tui.
607 2013 695 2076 Quum
708 2013 786 2065 TmIa
798 2013 915 2065 Achilles

254 2081 418 2134 Exanimata
430 2098 539 2149 sequens
551 2082 709 2150 impingeret
721 2083 828 2149 agmina
839 2083 929 2150 muris,

256 2149 345 2205 Millia
357 2150 443 2202 multa
455 2151 531 2202 daret
542 2150 603 2218 leto,
615 2158 802 2219 gemerentque
814 2151 909 2220 repleti

256 2219 363 2286 Amnes,
375 2236 424 2271 nec
436 2219 549 2289 reperire
560 2220 631 2272 viam
643 2227 724 2288 atque
736 2221 855 2273 evolvere
867 2224 953 2288 posset

256 2289 291 2341 In
303 2305 376 2340 mare
389 2305 416 2340 se
428 2288 568 2341 Xanthus:
587 2289 685 2340 Pelidae
698 2295 764 2341 tunc
776 2307 824 2356 ege
836 2289 899 2340 ferti

256 2358 432 2425 Congressum
443 2358 554 2424 AEnean,
568 2375 616 2410 nec
629 2358 668 2409 dis
682 2375 730 2410 nee
743 2359 842 2411 viribus
855 2357 944 2426 aequis,

256 2427 336 2479 Nube
348 2443 413 2479 cava
425 2427 520 2496 rapui:
538 2444 661 2495 cuperem
673 2445 756 2494 quum
768 2434 868 2479 vertere
881 2427 914 2479 ab
926 2427 979 2479 ime
1053 2428 1104 2477 810

257 2496 368 2549 Structu
378 2497 444 2549 meis
456 2496 578 2550 manibus
590 2498 701 2565 perjurae
713 2497 811 2548 moenia
823 2497 913 2564 Trejae.

258 2565 284 2616 N
285 2582 339 2617 une
352 2581 455 2634 queque
467 2583 541 2617 mens
554 2566 645 2617 eadem
657 2572 758 2634 perstat
770 2566 853 2618 mihi:
871 2565 940 2634 pelle
953 2565 1082 2618 timerem,

258 2634 353 2701 Tutus,
365 2651 430 2714 ques
442 2641 525 2703 eptas,
537 2642 628 2703 pertus
640 2635 748 2687 accedet
759 2634 865 2686 Averni.

258 2703 337 2756 Unus
349 2709 400 2755 ent
412 2709 525 2770 tantum,
538 2704 662 2756 amissum
674 2721 755 2775 quem
767 2704 876 2778 gurgite
887 2707 1015 2776 quara,

260 2773 348 2824 Unum
354 2789 407 2840 pro
416 2772 511 2826 multis
522 2773 633 2832 dabittu
645 2777 756 2853 eaput.''
