2700 3242
689 260 792 314 152
1147 262 1204 316 P.
1231 262 1544 316 VIRGILII
1579 261 1905 317 MARONIS

688 363 999 431 Fundimur‚
1023 370 1079 417 et
1103 364 1209 416 telo
1232 363 1415 416 lumen
1440 363 1761 416 terebramus
1783 370 1942 417 acuto

688 433 903 501 Ingens,
930 434 1068 501 quod
1096 439 1245 486 torva
1270 433 1438 485 solum
1464 432 1560 485 sub
1584 433 1758 485 fronte
1781 434 1995 500 latebat,

686 503 922 570 Argolici
945 503 1101 570 clipei
1125 508 1221 555 aut
1247 503 1487 554 Phoebeae
1511 502 1769 570 lampadis
1794 503 1976 568 instar,

687 571 760 624 Et
784 572 1000 624 tandem
1025 572 1136 623 laeti
1161 572 1416 623 sociorum
1442 571 1746 622 ulciscimur
1769 571 1994 624 umbras·

687 642 791 762 {ed
815 642 998 708 fugite,
1027 658 1056 693 0
1079 641 1271 708 miseri,
1295 641 1484 709 fugite,
1510 647 1669 709 atque
1693 641 1760 692 ab
1784 640 1938 693 litore
1961 641 2148 692 funem

742 728 831 762 um
869 712 956 762 ite.
2278 714 2331 764 64

685 779 738 832 N
740 729 866 843 am,p
868 779 1038 847 qualis
1065 783 1399 847 quantusque
1423 795 1551 832 cavo
1576 778 1931 847 Polyphemus
1954 778 2012 831 in
2036 784 2192 832 antro

688 847 972 915 Lanigeras
999 848 1199 900 claudit
1223 848 1463 916 pecudea
1490 855 1651 916 atque
1675 849 1837 900 ubera
1859 854 2077 917 pressat,

689 918 916 969 Centum
939 918 1032 968 alii
1057 934 1221 969 curva
1243 917 1357 968 haec
1383 917 1628 968 habitant
1653 917 1721 968 ad
1745 917 1902 969 litora
1925 917 2087 986 vulgo

687 987 904 1040 Infandi
931 987 1195 1054 CyclopeS,
1221 993 1274 1038 et
1299 987 1423 1037 altis
1446 986 1714 1038 montibus
1739 993 1929 1040 errant.

687 1057 866 1109 'sertia
883 1057 998 1124 jam
1022 1056 1184 1106 Lunae
1211 1073 1264 1107 se
1290 1073 1484 1107 cornua
1507 1055 1709 1107 lumine
1734 1056 2012 1124 complent,

690 1126 868 1189 Quum
892 1126 1058 1176 vitam
1083 1125 1140 1176 in
1165 1125 1325 1190 silvis,
1350 1125 1490 1176 inter
1515 1126 1719 1177 deserta
1742 1126 1973 1177 ferarum

689 1194 883 1247 Lustra
907 1194 1187 1262 domosque
1214 1194 1381 1260 trah0,
1402 1201 1677 1262 vastosque
1702 1194 1767 1246 ab
1790 1213 1923 1262 rupe
1948 1193 2203 1262 Cyclopas

689 1264 970 1332 ProspiciO,
996 1265 1328 1331 sonitumque
1355 1264 1549 1332 pedum
1573 1281 1855 1332 vocemque
1882 1264 2139 1317 tremisco·

691 1333 908 1385 Victum
932 1332 1211 1397 infelicem,
1237 1333 1423 1385 baccas
1447 1333 1789 1400 lapidosaque
1813 1350 1983 1399 corna,

689 1402 837 1454 Dant
861 1402 1009 1468 rami,
1036 1408 1090 1453 et
1114 1403 1278 1454 vulsis
1302 1409 1530 1470 pascunt
1552 1402 1816 1453 radicibus
1842 1402 2032 1455 herboe.
2281 1406 2331 1455 δὲ

692 1471 884 1522 Omnia
909 1471 1234 1537 collustranS,
1255 1471 1393 1523 hanc
1418 1471 1648 1539 primum
1672 1472 1741 1522 ad
1766 1471 1922 1523 litora
1946 1470 2165 1523 classem

693 1540 952 1607 Conspexi
978 1540 1290 1592 venientem.
1352 1540 1493 1591 Huic
1518 1558 1615 1605 me,
1642 1557 1985 1608 quaecumque
2010 1541 2213 1607 fuisset,

695 1609 890 1661 Addixi
914 1627 926 1663 ε
958 1609 1084 1659 satis
1110 1614 1188 1660 est
1213 1615 1425 1675 gentem
1450 1609 1692 1675 effugisse
1717 1610 2014 1660 nefandam.

692 1679 798 1732 Vos
824 1678 1054 1729 animam
1080 1675 1216 1727 hanc
1240 1677 1416 1744 potius
1442 1694 1769 1745 quocumque
1792 1677 2051 1728 absumite
2076 1674 2220 1728 leto?

762 1752 791 1775 ‘⁶
809 1748 915 1798 Vix
940 1764 1001 1798 ea
1026 1746 1168 1797 fatus
1192 1751 1304 1796 erat
1325 1764 1338 1807 3
1378 1763 1576 1797 summo
1603 1763 1767 1812 quum
1791 1752 1971 1797 monte
1994 1744 2237 1796 videmus

693 1821 876 1888 Ipsum
901 1820 1040 1871 inter
1063 1818 1289 1886 pecudes
1313 1824 1463 1869 vasta
1490 1835 1542 1869 se
1565 1818 1703 1869 mole
1727 1823 2025 1869 moventem

690 1889 963 1942 Pastorem
988 1887 1385 1954 Polyphemum,
1412 1894 1465 1938 et
1489 1887 1645 1938 litora
1669 1893 1795 1938 nota
1820 1891 2178 1954 petentem,—

691 1958 994 2012 Monstrum
1027 1956 1361 2024 horrendum,
1386 1956 1622 2023 informe,
1647 1956 1850 2024 ingenS,
1875 1954 1962 2006 cui
1994 1955 2176 2006 lumen
2208 1954 2331 2008 ader

970 2032 1102 2079 tum.

693 2098 904 2149 Trunca
927 2114 1091 2147 manu
1115 2095 1272 2163 pinus
1296 2095 1436 2161 regit
1461 2100 1514 2146 et
1540 2094 1763 2162 vestigia
1787 2093 1976 2145 firmat.

693 2167 964 2233 Lanigerae
991 2166 1312 2217 comitantur
1335 2181 1455 2215 oves
1477 2183 1491 2227 ;
1527 2181 1590 2215 ea
1609 2164 1718 2216 sola
1742 2164 1987 2231 voluptas
2287 2165 2331 2215 6⁴

693 2236 1038 2303 Solamenque
1063 2234 1203 2286 mali.

695 2305 982 2374 Postquam
1007 2305 1140 2356 altos
1164 2303 1342 2369 tetigit
1366 2303 1576 2368 fluctuS,
1596 2308 1649 2354 et
1674 2301 1741 2353 ad
1767 2318 1976 2369 aequora
1999 2299 2163 2366 venit,

695 2374 934 2427 Luminis
960 2374 1128 2426 effossi
1151 2373 1377 2424 fluidum
1404 2373 1536 2424 lavit
1559 2372 1684 2423 inde
1709 2388 1959 2436 cruorem,

694 2443 955 2497 Dentibus
981 2443 1284 2494 infrendens
1309 2443 1513 2509 gemitu
1536 2461 1548 2504 ;
1582 2440 1928 2507 graditurque
1952 2456 2046 2506 per
2070 2455 2249 2506 aequor

697 2514 737 2566 J
740 2531 825 2564 am
850 2513 1099 2577 medium,
1124 2512 1352 2563 necdum
1377 2511 1571 2562 fluctus
1598 2511 1764 2561 latera
1788 2508 1955 2561 ardua
1980 2508 2160 2560 tinxit.

697 2583 805 2635 Nos
830 2582 1010 2648 procul
1039 2581 1159 2632 inde
1183 2581 1369 2647 fugam
1399 2580 1591 2647 trepidi
1617 2579 1857 2639 celerare,
1881 2585 2094 2645 recepto

679 2651 944 2717 Supplicc
967 2651 1046 2702 sic
1071 2651 1271 2718 morito,
1297 2649 1553 2717 tacitique
1577 2648 1807 2700 incidere
1831 2648 2045 2709 funem;

670 2719 948 2772 Venimus
972 2728 1031 2776 et
1048 2722 1215 2794 proni
1241 2719 1581 2778 certantibus
1606 2735 1820 2790 aequora
1835 2716 2014 2769 remis.

617 2785 829 2861 15'81181'4.
859 2797 922 2846 et
945 2795 1026 2850 ad
1046 2797 1306 2853 sonitum
1336 2796 1489 2855 vocis
1517 2792 1755 2867 vestigia
1772 2787 1951 2846 *0015*—
