2700 3242
270 296 303 350 35
501 295 529 347 P.
543 291 701 347 VIRGlLll
720 292 879 348 Mauortis

269 399 347 450 Nunc
359 398 431 462 alios,
444 397 515 463 alios,
528 398 592 448 dum
604 397 697 448 nubila
710 402 803 448 ventus
815 397 918 463 agebat,

270 466 434 535 Concipiuut.
458 466 529 517 Hinc
541 467 586 518 ille
598 467 689 518 avium
701 471 843 517 concentus
855 466 884 516 in
897 466 973 532 agris,

269 535 305 587 Et
317 537 383 588 laetae
396 536 515 604 pecudes,
529 541 556 586 et
568 542 675 586 ovantes
688 541 796 600 gutture
809 535 886 586 corvi.

304 605 332 656 si
344 622 404 658 vero
417 605 497 656 solem
510 605 544 656 ad
555 605 679 671 rapidum
690 605 819 670 lunasque
828 611 965 670 sequentes

269 672 366 726 Ordine
378 673 507 741 respicies,
520 690 657 740 nunquam
669 677 696 724 te
708 674 823 724 crastina
834 672 910 723 fallet

269 741 350 810 Hora,
363 759 446 810 neque
459 743 560 793 insidiis
573 742 657 792 noctis
669 742 771 808 capiere
784 757 887 792 serenae.

268 810 351 877 Luna,
363 817 523 864 revertentes
536 827 618 877 quum
629 810 745 877 primum
758 810 860 876 colligit
872 811 953 876 ignes,

269 879 297 932 Si
309 881 415 948 nigrum
427 880 535 932 obscuro
548 879 740 946 comprenderit
752 881 815 930 aera
827 896 915 944 cornu,

268 949 402 1001 Maximus
415 948 535 1016 agricolis
547 948 692 1015 pelagoque
705 947 842 1015 parabitur
853 948 943 1000 imber.

267 1018 305 1070 At
317 1018 340 1070 si
352 1018 500 1084 virgineum
512 1017 650 1069 suffuderit
662 1033 706 1069 ore
717 1017 845 1082 ruborem,

268 1086 370 1139 Ventus
383 1087 433 1138 erit
443 1105 450 1149 3
468 1092 547 1140 vento
559 1103 660 1152 semper
670 1085 748 1137 rubet
760 1102 840 1137 aurea
852 1084 956 1138 Phoebe.

267 1154 316 1208 sin
328 1161 388 1207 ortu
400 1160 500 1223 quarto,
512 1172 627 1222 namque
638 1155 661 1206 is
674 1154 833 1206 certissimus
845 1162 945 1221 auctor,

268 1223 347 1292 Pura,
360 1241 444 1292 neque
454 1224 553 1276 obtusis
565 1242 612 1292 per
624 1224 720 1276 coelum
733 1223 854 1275 comibus
866 1224 928 1277 ibit:

267 1293 349 1346 Totus
362 1300 388 1346 et
401 1293 446 1346 ille
458 1294 521 1361 dies,
533 1300 561 1345 et
574 1294 619 1361 qui
631 1298 773 1345 nascentur
784 1293 876 1344 abillo

267 1362 400 1415 Exactum
412 1363 446 1415 ad
458 1380 581 1430 mensem,
594 1363 686 1432 pluvia
698 1362 835 1429 ventisque
847 1362 973 1414 carebunt
984 1379 992 1424 ς

269 1431 390 1500 Votaque
403 1433 500 1484 servati
512 1433 614 1484 solvent
626 1433 655 1483 in
667 1431 743 1483 litore
755 1437 844 1483 nautae

269 1501 368 1554 Glauco
380 1507 407 1553 et
419 1501 547 1569 Panopeae
559 1507 586 1552 et
599 1501 664 1552 Inoo
677 1501 826 1553 Melicerta.

268 1569 313 1622 Sol
325 1586 427 1638 quoque
439 1576 466 1622 et
479 1570 604 1635 exoriens,
617 1575 644 1621 et
656 1587 739 1636 quum
752 1587 778 1621 se
791 1569 885 1621 condet
897 1569 926 1620 in
937 1569 1029 1636 undas,

268 1638 351 1706 Signa
363 1639 437 1691 dabit
448 1657 455 1702 ;
474 1638 554 1690 solem
566 1639 712 1690 certissima
723 1639 799 1705 signa
812 1643 964 1706 sequuntur,

267 1707 303 1759 Et
317 1724 375 1775 quae
387 1725 464 1759 mane
476 1708 564 1773 refert,
577 1713 604 1759 et
617 1724 674 1774 quae
688 1708 856 1774 surgentibus
868 1707 953 1759 astris.

268 1777 318 1828 llle
331 1777 376 1828 ubi
389 1782 539 1828 nascentem
551 1776 662 1828 maculis
675 1777 816 1830 variaverit
828 1783 915 1828 ortum

269 1845 395 1898 Conditus
407 1846 436 1896 in
448 1845 552 1912 nubem,
565 1846 702 1913 medioque
714 1846 842 1912 refugerit
854 1845 930 1896 orbe:

267 1914 389 1983 Suspecti
401 1914 451 1966 tibi
464 1914 517 1967 sint
528 1915 624 1967 imbres
637 1933 644 1978 ;
662 1933 777 1982 namque
789 1920 867 1980 urget
879 1914 912 1966 ab
925 1913 979 1966 alto

267 1983 463 2051 Arboribusque
475 1985 589 2051 satisque
600 1983 686 2036 Notus
699 1982 839 2049 pecorique
851 1982 963 2033 sinister.

267 2053 324 2105 Aut
336 2053 382 2104 ubi
395 2054 442 2105 sub
455 2053 542 2106 lucem
554 2054 634 2105 densa
647 2054 717 2105 inter
728 2053 821 2105 nubila
833 2070 887 2104 sese

269 2121 373 2175 Diversi
384 2128 509 2190 rumpent
520 2123 595 2188 radii,
608 2128 657 2175 aut
668 2123 715 2174 ubi
727 2122 828 2190 pallida
840 2128 931 2187 surget

268 2191 376 2243 'Pithoni
388 2208 508 2243 croceum
519 2191 641 2258 linquens
653 2192 755 2244 Aurora
768 2191 854 2242 cubile
864 2210 871 2253 ;

269 2260 338 2328 Heu,
350 2261 419 2312 male
431 2266 490 2312 tum
501 2261 579 2313 mites
591 2261 715 2313 defendet
728 2260 868 2328 pampinus
880 2278 962 2312 uvas:

268 2329 334 2382 Tam
346 2330 432 2382 multa
443 2330 473 2382 in
485 2331 562 2382 tectis
574 2331 706 2398 crepitans
718 2330 780 2381 salit
792 2330 897 2382 horrida
909 2329 1016 2396 grando.

269 2398 328 2450 Hoc
340 2400 426 2465 etiam,
440 2417 543 2452 emenso
555 2417 636 2468 quum
646 2401 704 2466 jam
716 2399 824 2451 decedet
836 2399 955 2467 Olympo,
1061 2428 1064 2437 .

269 2465 401 2520 Profuerit
413 2469 561 2520 meminisse
573 2469 673 2536 magis:
691 2486 754 2520 nam
767 2485 834 2536 saepe
846 2469 965 2522 videmus

270 2536 357 2604 Ipsius
369 2537 398 2588 in
410 2538 489 2588 vultu
501 2539 585 2590 varios
598 2555 684 2589 errare
697 2538 810 2600 colores;

270 2605 401 2657 Caeruleus
414 2607 531 2674 pluviam
544 2607 693 2673 denuntiat,
705 2607 799 2673 igneus
811 2606 903 2658 Euros.

270 2673 317 2726 sin
329 2675 438 2726 maculae
451 2675 581 2743 incipient
592 2676 673 2727 rutilo
685 2676 855 2727 immiscerier
866 2675 930 2742 igni,

258 2741 355 2793 Omma
369 2750 437 2796 tunc
444 2745 550 2814 pariter
563 2751 642 2799 vento
655 2745 804 2812 nimbisque
815 2744 916 2797 ridebis

236 2801 376 2863 herrore:
392 2830 450 2870 uon
461 2815 516 2873 illa
529 2817 680 2889 quisquam
692 2835 736 2874 me
747 2821 828 2871 nocte
838 2831 887 2886 per
898 2813 988 2868 altum
