2700 3242
514 301 681 354 AENEIDOS
698 299 764 354 LlB.
785 301 832 355 lv.
1047 305 1098 355 165

253 404 317 468 Quae
330 403 446 470 tandem,
459 402 577 454 Ausonia
588 403 700 455 Teucros
713 402 845 457 considere
857 407 935 469 terra,

252 473 360 527 Invidia
371 473 431 525 est‘l
467 473 503 524 Et
515 489 562 523 nos
574 472 614 523 sas
626 480 717 524 extera
729 489 846 539 quaerere
857 490 885 524 re
922 490 946 524 a.
1044 475 1097 524 350

251 541 297 595 Me
309 542 394 611 patris
406 541 536 661 ‘³th
550 542 651 608 quoties
663 541 834 592 humentibus
846 559 892 592 um
910 541 946 592 ris

251 612 312 665 Nox
325 612 410 679 operit
423 618 492 662 terra
504 650 511 676 ,
524 611 626 678 quoties
638 617 709 661 astra
721 610 799 677 ignea
812 617 931 676 surgunt,

250 681 385 733 Admonet
397 680 425 731 in
438 679 533 731 somnis
546 686 573 730 et
585 678 692 731 turbida
703 686 784 730 terret
796 680 882 746 imago
893 699 900 743 3

250 748 297 801 Me
309 767 377 818 puer
388 749 525 814 Ascanius,
538 748 683 816 capitisque
695 748 794 816 injuria
806 750 867 815 cari,

252 819 338 882 Quem
350 835 431 884 regno
444 817 578 885 Hesperia
590 817 685 868 fraudo
697 824 724 869 et
736 817 861 869 fatalibus
873 818 950 870 arvis.

250 887 331 939 Nunc
344 888 424 939 etiam
436 886 564 954 interpres
577 886 675 951 divum,
688 887 756 938 Jove
767 887 861 938 missus
874 886 907 939 ab
920 888 984 955 ipso,

252 957 357 1023 (Testor
368 961 509 1022 utrumque
522 955 614 1023 eaput)
628 956 723 1006 celeres
735 956 861 1007 mandata
873 974 919 1024 per
931 973 1008 1008 auras

251 1024 365 1077 Detulit.
396 1024 455 1091 Ipse
468 1025 546 1075 deum
559 1025 698 1076 manifesto
710 1025 739 1075 in
752 1025 851 1076 lumine
863 1026 918 1077 vidi

253 1094 406 1146 Intrantem
418 1110 513 1159 murce,
526 1111 667 1162 vocemque
679 1093 721 1145 his
733 1092 840 1145 auribus
853 1095 935 1147 hausi

251 1162 351 1215 Desine
362 1179 456 1230 meque
468 1163 522 1214 tuis
535 1162 673 1214 incendere
686 1169 764 1231 teque
776 1164 887 1231 querelis
897 1183 905 1228 ;
1043 1165 1095 1214 360

251 1232 361 1285 Italiam
372 1249 425 1283 non
438 1239 530 1300 sponte
542 1232 655 1297 sequorf'

286 1300 363 1353 Talia
376 1301 505 1352 dicentem
514 1301 673 1367 jamdudum
686 1319 776 1352 aversa
789 1307 887 1369 tuetur,

252 1370 316 1422 Huc
328 1370 393 1421 illue
406 1369 513 1422 volvens
525 1370 620 1437 oeulos,
633 1377 771 1438 totumque
784 1376 900 1438 pererrat

251 1438 410 1492 Luminibus
423 1439 519 1505 tacitis,
532 1445 559 1490 et
571 1439 608 1491 sic
620 1457 730 1491 aceensa
742 1441 878 1508 profatur:

255 1508 269 1533 ‘·
278 1505 336 1558 Nec
348 1505 397 1554 tibi
410 1505 471 1556 diva
482 1522 582 1573 pareus,
595 1506 697 1571 generis
710 1523 758 1557 nec
771 1507 910 1559 Dardanus
923 1511 1021 1571 auctor,

251 1575 374 1639 Perfide3
393 1576 438 1626 sed
450 1575 523 1626 duris
535 1576 629 1641 genuit
642 1581 668 1625 te
682 1574 803 1627 cautibus
815 1574 922 1626 horrens

252 1646 392 1708 Caucasus,
406 1644 590 1710 Hyrcanaeque
602 1644 744 1695 admorunt
756 1643 836 1695 ubera
850 1644 936 1711 tigres.

251 1713 323 1767 Nam
336 1714 400 1781 quid
412 1712 566 1765 dissimulet
585 1719 633 1764 aut
646 1730 703 1780 quae
717 1730 758 1764 me
770 1713 803 1763 ad
816 1715 915 1781 majora
926 1729 1027 1765 reservo
1038 1711 1048 1763 l

251 1783 327 1836 Num
338 1782 404 1834 fletu
416 1783 546 1849 ingemuit
558 1782 665 1834 nostro?
684 1800 749 1833 num
761 1781 862 1833 lumina
874 1782 949 1834 flexit
959 1782 968 1835 l

251 1852 544 1911 Numlacrimasvietus
552 1852 686 1917 dedit‚aut
693 1852 831 1902 miseratus
839 1858 972 1903 amantem
981 1858 1019 1902 est
1028 1850 1036 1901 l
1045 1853 1096 1902 370

253 1922 320 1986 Quae
334 1920 427 1988 quibus
440 1920 604 1973 anteferam?
623 1921 642 1972 J
643 1939 686 1972 am
695 1922 752 1987 jam
764 1937 812 1971 nec
824 1921 940 1973 maxima
952 1922 971 1972 J
975 1937 1032 1986 uno,

251 1991 277 2043 N
279 2009 309 2043 ec
323 1990 463 2042 Saturnius
475 1991 532 2042 haec
545 1990 626 2042 oculis
639 1995 715 2057 pater
727 1990 822 2057 aspicit
834 1991 923 2056 arquis.

251 2061 394 2128 Nusquam
405 2065 466 2112 tuta
477 2060 549 2112 fides.
579 2059 701 2126 Ejectum
713 2059 797 2124 litore,
809 2066 930 2125 egentem

250 2129 362 2197 Excepi,
375 2135 402 2181 et
413 2130 489 2196 regni
501 2129 607 2180 demens
619 2129 647 2179 in
659 2135 735 2196 parte
747 2127 831 2180 locavi
841 2147 849 2192 ;

251 2200 385 2251 Amissam
398 2198 512 2265 classem,
526 2198 605 2249 socios
617 2215 633 2250 a
645 2203 729 2249 morte
740 2198 842 2250 reduxi.

252 2269 317 2320 Heu
328 2267 405 2319 furiis
417 2267 524 2319 incensa
535 2268 620 2319 feror!
640 2268 718 2318 Nunc
731 2285 817 2334 augur
829 2266 930 2335 Apollo,

251 2338 333 2391 Nunc
345 2336 430 2403 Lyciae
444 2342 531 2402 sortes,
544 2354 615 2388 nune
628 2344 655 2388 et
667 2337 736 2388 Jove
748 2338 841 2387 missus
854 2336 955 2404 abipso

253 2407 389 2473 Interpres
402 2407 493 2457 divum
505 2406 557 2457 fert
569 2406 675 2457 horrida
684 2408 759 2473 jussa
771 2423 818 2473 per
830 2423 915 2458 auras.

253 2475 362 2528 Scilicet
375 2475 396 2527 is
409 2493 440 2526 su
459 2475 508 2526 eris
521 2475 595 2526 labor
607 2481 646 2526 est
657 2494 664 2539 ;
683 2493 713 2526 ea
726 2493 789 2527 cura
801 2476 903 2541 quietos

252 2544 393 2598 Sollicitat.
450 2562 516 2610 eque
529 2550 555 2595 te
569 2551 652 2611 teneo,
665 2561 751 2611 neque
764 2546 837 2596 dicta
848 2544 947 2596 refello.
1047 2546 1099 2595 380

253 2616 275 2681 Ι,
290 2625 399 2680 sequere
412 2613 519 2665 Italiam
532 2614 618 2665 ventis
630 2633 636 2676 ;
649 2621 710 2682 pete
721 2632 803 2681 regna
815 2631 861 2681 per
874 2614 967 2664 undas.

253 2684 337 2753 Spero
350 2683 471 2750 equidem
483 2683 584 2748 mediis,
597 2683 619 2733 si
631 2684 696 2750 quid
707 2684 752 2751 pia
764 2684 874 2734 numina
886 2687 1003 2749 possunt,

253 2751 394 2822 Supplicia
405 2752 551 2804 hausurum
564 2752 687 2823 scopulis,
699 2759 727 2807 et
739 2752 849 2808 nomine
857 2751 933 2809 utta

248 2823 327 2887 ΒΨ
340 2826 498 2874 mmmm·
525 2821 630 2895 Sequor
643 2827 712 2884 atris
725 2827 843 2902 ignibm
853 2827 977 2894 absens,
