2700 3242
506 253 671 306 AENEIDOS
690 252 755 305 LIB.
776 252 837 306 VII.
1051 254 1103 303 229

252 350 370 404 Extemi
381 350 493 405 veniunt
505 353 604 419 generi,
615 352 663 420 qui
674 352 804 419 sanguine
815 355 935 403 nostrum

252 421 360 473 Nomen
372 420 400 470 in
412 426 483 472 astra
495 422 590 488 ferant,
603 438 767 489 quorumque
779 421 812 472 ab
825 421 907 487 stirpe
919 425 1026 487 nepotes

255 490 355 542 Omnia
367 489 415 540 sub
427 489 545 557 pedibus,
559 507 611 558 qua
623 490 667 543 Sol
680 497 823 557 utrumque
834 506 969 541 recurrens
1053 491 1103 540 100

252 559 360 626 Aspicit
374 559 516 625 Oceanum,
529 560 647 628 vertique
659 561 767 628 regique
779 554 932 611 videbunt.”

254 627 324 679 Haec
335 644 458 695 responsa
470 628 552 696 patris
565 629 659 695 Fauni,
671 630 839 697 monitusque
852 626 940 678 silenti

252 696 340 749 Nocte
352 697 433 763 datos,
447 714 500 749 non
511 698 567 764 ipse
580 715 626 750 suo
638 698 735 766 premit
747 714 790 749 ore
802 697 929 749 Latinus:

253 765 308 818 Sed
321 766 420 817 circum
432 766 487 818 late
498 766 612 819 volitans
620 769 678 833 jam
690 766 773 818 Fama
784 784 831 834 per
843 766 921 818 urbes

252 835 387 887 Ausonias
398 835 505 901 tulerat,
513 852 595 903 quum
607 836 795 888 Laomedontia
806 835 889 904 pubes

254 904 397 957 Gramineo
408 904 473 972 ripae
485 905 608 972 religavit
620 905 654 957 ab
666 923 761 973 aggere
774 905 889 956 classem.

290 973 389 1024 AEneas
401 973 531 1040 primique
543 975 624 1026 duces
636 980 663 1026 et
675 974 786 1042 pulcher
797 974 873 1025 Iulus

255 1041 374 1109 Corpora
385 1041 433 1093 sub
445 1042 526 1094 ramis
539 1042 675 1111 deponunt
687 1043 785 1096 arboris
797 1043 858 1096 altae
871 1061 878 1105 ;

254 1110 460 1179 Instituuntque
472 1113 559 1180 dapes,
573 1119 600 1165 et
612 1114 706 1165 adorea
718 1113 772 1165 liba
784 1130 830 1181 per
842 1112 950 1164 herbam

253 1179 408 1248 Subjiciunt
420 1181 584 1248 epulis—sic
597 1183 705 1250 Jupiter
717 1182 762 1234 ille
773 1182 932 1234 monebat-
1050 1185 1100 1232 110

252 1249 291 1302 Et
305 1249 409 1302 Cereale
421 1249 505 1302 solum
517 1252 601 1318 pomis
613 1251 760 1318 agrestibus
772 1257 878 1319 augent.

254 1318 407 1371 Consumtis
419 1319 463 1370 hic
475 1320 543 1372 forte
555 1321 621 1387 aliis,
631 1327 663 1372 ut
675 1327 776 1372 vertere
788 1337 889 1372 morsus

254 1387 392 1454 Exiguam
403 1387 432 1438 in
445 1387 563 1441 Cererem
575 1390 686 1457 penuria
698 1391 788 1457 adegit
800 1389 902 1455 edendi,

255 1456 293 1509 Et
306 1457 403 1508 violare
414 1474 497 1509 manu
508 1458 636 1526 malisque
648 1459 792 1511 audacibus
804 1458 892 1510 orbem

256 1524 359 1577 Fatalis
371 1526 460 1592 crusti,
472 1527 571 1594 patulis
583 1545 632 1580 nec
643 1546 750 1596 parcere
763 1528 884 1596 quadris:

259 1597 276 1627 “
284 1595 360 1648 Heus
372 1599 379 1650 1
398 1595 479 1648 etiam
491 1613 593 1648 mensas
606 1596 785 1649 consumimus
797 1595 823 1647 l''
841 1593 930 1662 inquit
943 1592 1025 1646 Iulus.

253 1662 282 1715 N
283 1680 313 1715 ec
326 1664 402 1731 plura
414 1663 540 1716 alludens.
570 1665 609 1716 Ea
622 1681 672 1716 vox
685 1664 778 1716 audita
789 1663 908 1714 laborum

255 1731 347 1784 Prima
360 1732 423 1785 tulit
435 1732 521 1799 finem,
534 1734 698 1801 primamque
709 1733 840 1800 loquentis
853 1732 886 1783 ab
899 1749 942 1783 ore

253 1800 364 1868 Eripuit
375 1808 457 1869 pater,
470 1819 501 1854 ac
514 1804 678 1870 stupefactus
689 1803 797 1853 numine
810 1802 912 1869 pressit.
1011 1819 1050 1894 κ

253 1869 394 1936 Continuo,
408 1870 582 1922 ι(8111111111
595 1870 661 1921 mihi
674 1870 763 1921 debita
775 1870 870 1933 Tellus,
1054 1870 1100 1915 ino

253 1938 385 2005 Vosque,”
398 1939 444 2004 ait,
458 1940 472 1965 “
482 1955 498 1990 0
509 1938 557 1989 fidi
569 1939 652 2005 Trojae
665 1938 765 1990 salvete
778 1938 896 1990 Penates.

254 2007 310 2059 Hic
322 2007 421 2075 domus,
434 2007 490 2061 haec
502 2009 589 2077 patria
600 2014 646 2062 est.
678 2008 786 2060 Genitor
796 2008 863 2059 mihi
876 2005 948 2073 talia,
960 2022 1073 2070 namque

252 2076 281 2129 N
281 2093 335 2128 unc
345 2083 443 2144 repeto,
455 2078 581 2130 Anchises
593 2080 709 2131 fatorum
721 2095 817 2129 arcana
828 2076 948 2142 reliquit:

255 2145 346 2210 Quum
358 2152 393 2213 te,
405 2153 475 2213 nate,
486 2148 569 2199 fames
582 2149 673 2215 ignota
685 2148 719 2200 ad
731 2147 809 2199 litora
821 2151 927 2198 vectum

254 2214 356 2267 Aecisis
368 2222 443 2284 coget
456 2216 566 2284 dapibus
578 2234 730 2270 consumere
741 2232 861 2268 mensas:

254 2283 325 2337 Tum
337 2301 440 2353 sperare
452 2285 540 2338 domos
553 2287 675 2352 defessus,
688 2286 777 2353 ibique
789 2287 921 2336 memento

254 2352 346 2405 Prima
357 2353 443 2407 locare
453 2372 536 2407 manu
547 2356 686 2423 molirique
698 2372 793 2422 aggere
805 2359 883 2405 tecta.

254 2421 322 2474 Hsec
334 2429 390 2475 erat
400 2424 448 2476 illa
460 2425 559 2487 fames3
577 2425 635 2477 haec
646 2442 694 2478 nos
707 2441 829 2493 suprema
840 2420 972 2488 manebat,

253 2491 354 2544 Exitiis
365 2493 484 2560 positura
494 2494 609 2547 modum

255 2561 344 2626 Quare
356 2562 435 2629 agite,
447 2569 474 2615 et
486 2564 570 2631 primo
582 2563 638 2615 laeti
651 2580 712 2615 cum
723 2561 823 2614 lumine
836 2560 904 2626 solis,
1051 2561 1101 2610 130

255 2629 323 2694 Qua
335 2630 400 2698 loca,
412 2632 491 2699 quive
502 2632 618 2685 habeant
630 2632 757 2697 homines,
768 2629 815 2681 ubi
827 2629 924 2681 moenia
936 2627 1031 2695 gentis,

256 2698 433 2767 vestigemus,
445 2705 473 2753 et
485 2707 590 2771 apertu
603 2701 708 2756 diversa
718 2706 853 2772 petamus.

249 2767 445 2834 Nunepateras
454 2768 539 2826 libate
551 2772 573 2827 J
572 2774 626 2846 ovi,
639 2775 828 2848 precibusque
838 2778 941 2827 uocate
