2700 3242
279 302 313 353 50
506 307 534 361 P.
549 302 704 360 VIRGILII
722 306 884 359 MARONIS

272 404 392 473 Possunt,
407 413 487 475 atque
498 409 552 461 ima
565 410 661 461 similes
673 410 827 463 revirescere
838 416 908 463 terra
919 428 924 464 :

272 473 370 530 Infelix
388 483 494 544 superat
506 478 575 530 foliis
588 479 698 531 oleaster
710 480 811 532 amaris.

307 546 331 596 N
333 562 363 597 ec
378 545 428 597 tibi
440 552 495 598 tam
507 547 622 614 prudens
634 549 772 615 quisquam
784 549 941 613 persuadeat
953 553 1052 613 auctor,

271 613 402 667 Tellurem
416 613 500 668 Borea
512 617 624 682 rigidam
638 621 755 685 spirante
766 618 873 673 moveri.

274 683 343 736 Rura
356 683 418 749 gelu
432 689 491 736 tum
503 685 603 737 claudit
616 685 716 748 hiems;
734 703 782 737 nec
794 687 892 737 semine
900 688 973 755 jacto

271 751 426 804 concretam
440 755 542 821 patitur
553 754 667 806 radicem
680 754 785 821 affigere
797 761 879 808 terrae.

271 821 381 888 Optima
393 821 490 874 vinetis
503 823 576 889 satie,
589 839 670 890 quum
682 840 742 875 vere
753 823 859 875 rubenti

270 891 389 942 Candida
403 892 476 943 venit
489 892 551 957 aris,
564 891 648 958 longis
661 892 747 944 inrisa
759 892 871 945 colubris
884 911 890 955 ;
1064 895 1116 944 320

272 959 359 1010 Prima
371 958 413 1011 vel
428 961 565 1012 auctumni
578 960 626 1012 sub
638 961 742 1028 frigora,
756 979 838 1030 quum
851 962 959 1029 rapidus
972 959 1016 1012 Sol

270 1027 393 1080 Nondum
407 1028 520 1081 hiemem
533 1030 663 1096 contingit
675 1031 754 1097 equis,
764 1033 821 1098 jam
834 1031 951 1098 praeterit
963 1037 1045 1082 aestas.

271 1097 323 1149 Ver
337 1099 401 1151 adeo
414 1097 502 1149 frondi
513 1115 657 1164 nemorum,
669 1116 716 1150 ver
727 1100 793 1152 utile
806 1100 878 1152 silvis
889 1119 895 1163 ;

271 1166 338 1219 Vere
350 1173 456 1219 tument
469 1173 544 1218 terrae
557 1173 584 1219 et
595 1167 723 1234 genitalia
735 1170 834 1220 semina
846 1173 964 1238 poscunt.

270 1236 337 1288 Tum
350 1242 426 1305 pater
437 1236 600 1304 omnipotens
612 1236 731 1288 fecundis
743 1236 870 1289 imbribus
881 1237 977 1290 AEther

271 1306 394 1374 Conjugis
407 1305 436 1356 in
448 1306 577 1372 gremium
588 1306 657 1358 laetae
670 1306 810 1372 descendit,
824 1313 851 1359 et
863 1324 952 1358 omnes

271 1373 384 1442 Magnus
397 1374 453 1441 alit,
463 1392 558 1442 magno
570 1375 728 1427 commixtus
740 1392 851 1443 corpere,
863 1376 941 1428 fetus.

273 1445 338 1496 Avia
351 1450 409 1495 tum
422 1449 544 1495 resonant
557 1444 648 1496 aribus
661 1444 777 1511 virgulta
790 1446 897 1511 canoris,

273 1513 304 1564 aa
318 1513 446 1564 Venerem
458 1512 534 1565 certis
546 1517 669 1580 repetunt
682 1519 801 1565 armenta
812 1513 921 1566 diebus:

274 1582 389 1633 Partmit
403 1581 487 1632 almus
499 1598 568 1648 ager,
581 1580 749 1648 Zephyrique
762 1583 912 1650 tepentibus
924 1581 996 1634 auris
1062 1585 1115 1634 330

273 1651 374 1702 Laxant
387 1667 450 1702 arva
463 1650 534 1700 sinus
546 1668 553 1712 ;
572 1654 678 1717 superat
690 1655 765 1702 tener
775 1651 895 1702 omnibus
907 1651 1017 1702 humor:

270 1719 354 1787 Inque
367 1735 447 1770 novos
460 1718 525 1770 soles
537 1719 637 1770 audent
650 1735 676 1772 se
688 1721 807 1786 germina
819 1725 877 1772 tuto

272 1787 387 1854 Credere,
401 1804 449 1838 nec
460 1788 557 1838 metuit
569 1800 704 1854 surgentes
717 1791 857 1856 pampinus
869 1790 986 1854 Austros,

267 1860 324 1914 Aut
338 1866 426 1908 actum
439 1857 503 1908 coelo
515 1858 617 1923 magnis
631 1857 809 1926 Aquilonibus
821 1859 948 1912 imbrem:

267 1929 316 1984 Sed
334 1925 420 1979 trudit
432 1942 554 1992 gemmas,
567 1932 593 1978 et
605 1926 709 1978 frondes
722 1927 838 1994 explicat
850 1943 945 1978 omnes.

266 2000 324 2052 Non
342 1995 406 2047 alios
419 1995 503 2061 prima
516 1996 653 2047 crescentis
665 1995 765 2062 origine
777 1996 871 2046 mundi

264 2068 336 2120 lllux
343 2064 394 2115 isse
406 2063 467 2130 dies,
480 2063 593 2116 aliumve
606 2064 727 2116 habuisse
739 2071 854 2116 tenorem

263 2132 430 2189 Crediderim
442 2150 447 2183 :
465 2149 511 2185 rer
523 2132 589 2183 illud
603 2137 676 2195 era't;
695 2150 740 2185 ver
751 2150 863 2199 magnus
875 2132 970 2200 agebat

264 2205 347 2270 Orbis,
367 2207 394 2253 et
406 2200 521 2252 hibernis
533 2202 675 2269 parcebant
688 2202 795 2254 flatibus
804 2201 877 2266 Euri,

263 2274 352 2338 Quum
370 2270 461 2339 primee
473 2270 559 2321 lucem
570 2271 683 2338 pecudes
696 2271 812 2335 hausere,
825 2271 965 2338 virhmque
1060 2273 1113 2322 aui

264 2343 358 2394 'l'errea
376 2340 511 2407 progenies
523 2339 595 2390 duris
607 2345 688 2408 caput
699 2339 798 2391 extulit
809 2341 885 2406 arvis,

263 2411 368 2463 Immiss
376 2425 449 2476 aeque
460 2409 522 2459 ferae
535 2409 606 2461 silvis
619 2415 645 2461 et
658 2409 744 2460 sidera
755 2409 826 2461 coelo.

264 2480 287 2530 N
290 2497 318 2531 ec
330 2496 371 2531 res
389 2477 460 2528 hune
472 2483 568 2529 teneroe
580 2483 686 2546 possent
697 2478 810 2546 perferre
822 2477 944 2542 laborem,

262 2546 289 2599 Si
303 2565 355 2600 non
374 2551 449 2597 tanta
461 2547 535 2612 quies
547 2547 597 2598 iret
609 2547 745 2614 frigusque
757 2547 921 2614 caloremque

263 2617 343 2679 Inter,
357 2622 383 2668 et
401 2615 532 2681 exciperet
545 2615 603 2667 coeli
614 2616 783 2682 indulgentia
795 2621 883 2667 terras.

298 2685 371 2746 Quod
391 2689 514 2750 superest,
527 2700 698 2752 quaecumque
711 2701 811 2752 premes
823 2684 939 2749 virgulta
951 2700 997 2750 per
1009 2699 1093 2750 agros,

237 2749 347 2812 fimeto
363 2750 430 2803 151110
437 2752 544 2822 pingnn',
558 2759 587 2808 et
599 2753 687 2808 multa
698 2770 797 2808 memor
809 2753 897 2806 occule
908 2758 995 2812 terra3

216 2811 285 2862 ΑΜ
293 2815 428 2884 lapidem
442 2821 581 2897 bibulum,
596 2833 647 2884 aut
660 2827 821 2902 squalentes
832 2823 926 2878 iniode
937 2819 1072 2880 condisse

251 2984 274 3013 s
