2700 3242
278 307 332 359 400
512 299 541 354 P.
560 298 715 352 VIRGILII
731 254 894 353 NARONIS

280 403 332 456 Vel
344 419 407 454 casu
418 402 531 470 incepto,
542 402 637 454 merita
649 401 692 454 vel
704 401 816 470 denique
828 401 913 470 culpa
974 412 977 417 '

282 472 378 526 Omnia
389 489 451 524 nam
463 471 557 539 potius,
571 488 650 538 quam
661 478 689 523 te
701 471 803 537 laesisse‚
816 471 922 538 putabo.

316 540 426 594 Labitur
437 541 537 592 interea
548 539 667 593 revoluta
679 541 712 592 ab
724 541 800 592 litore
812 539 910 605 classis,

281 607 381 678 Magna
393 610 529 678 repentino
542 610 682 661 sinuantur
693 610 776 662 lintea
788 610 859 677 Coro,

281 679 411 731 Flectitur
423 679 452 730 in
464 678 542 731 viridi
554 696 640 730 remus
653 678 713 745 sale,
725 678 852 745 languida
863 679 938 730 fessa·

282 748 400 816 Virginis
412 748 441 799 in
453 765 531 800 cursu
543 749 655 800 moritur
667 749 830 816 querimonia
841 749 926 815 longo.

281 817 385 871 Deserit
397 817 516 885 angustis
528 817 661 869 inclusum
672 818 793 869 faucibus
806 817 934 871 Isthmon.

284 886 428 956 Cypselidae
439 887 530 953 magni
541 887 662 940 florentia
672 904 755 954 regna
767 887 887 939 Corinthi
896 905 904 950 ;

282 955 405 1009 Praeterit
417 956 542 1025 abruptas
554 955 668 1008 Scironis
680 957 800 1024 protinus
812 973 891 1023 orces,

282 1025 465 1094 Infestumque
478 1025 530 1077 suis
542 1025 605 1077 dirae
618 1026 760 1078 testudinis
773 1026 829 1078 exit

282 1095 419 1162 Spelaeum,
431 1095 566 1162 multoque
578 1101 699 1146 cruentas
711 1095 815 1163 hospite
827 1099 924 1147 cautes.

283 1164 397 1231 Jamque
409 1164 473 1216 adeo
486 1170 576 1216 tutum
587 1164 665 1232 longe
677 1164 776 1216 Piraeea
788 1165 880 1231 cernit,

282 1232 318 1285 Et
329 1239 404 1285 notas
417 1250 512 1298 secum,
525 1234 577 1285 heu
588 1234 693 1299 frustra,
705 1240 836 1301 respectat
848 1234 973 1287 Athenas.

283 1303 303 1356 J
304 1320 347 1354 am
359 1303 449 1371 procul
461 1320 475 1354 e
487 1303 570 1355 fluctu
583 1303 686 1355 Minoia
697 1303 804 1371 respicit
816 1321 886 1370 arva,

284 1372 472 1440 Florentesque
484 1373 557 1424 videt
565 1375 623 1440 jam
635 1373 770 1440 Cycladas,
782 1373 845 1424 hinc
858 1373 1037 1441 Strophadasq

283 1440 354 1494 Hinc
367 1443 446 1509 sinus,
459 1442 520 1494 hinc
533 1443 611 1494 statio
624 1448 715 1494 contra
726 1447 802 1509 patet
814 1442 980 1495 Hermiones„

283 1510 426 1579 Linquitur
440 1517 502 1564 ante
515 1512 579 1564 alias
592 1513 669 1580 longe
681 1512 831 1579 gratissima
842 1511 922 1564 Delos

282 1580 427 1634 Nereidum
438 1581 517 1634 matri
530 1588 557 1633 et
568 1582 693 1650 Neptuno
706 1582 805 1648 AEgaeo.

282 1649 411 1718 Prospicit
422 1651 566 1703 incinctam
578 1651 712 1719 spumanti
724 1651 800 1702 litore
812 1650 935 1717 Cythnon

282 1719 507 1787 Marmoreamque
519 1720 612 1787 Paron,
624 1721 786 1787 viridemque
798 1720 898 1787 allapsa
910 1720 1037 1772 Donusan

283 1789 457 1857 AEginamque
469 1790 547 1841 simul
560 1791 804 1857 sementiferamque
817 1789 963 1857 Seriphum.

283 1858 379 1911 Fertur
391 1865 418 1910 et
429 1860 535 1910 incertis
544 1861 662 1926 jactatur
674 1860 708 1910 ad
720 1859 808 1910 omnia
820 1859 912 1921 ventis

282 1928 381 1996 Gymba
392 1928 466 1980 velut
478 1946 586 1996 magnas
599 1929 717 1997 sequitur
729 1946 811 1996 quum
823 1928 932 1996 parvula
944 1929 1037 1981 classes

282 1999 347 2050 Afer
358 2003 385 2049 et
397 1998 504 2050 hiberno
517 1998 659 2050 bacchatur
671 2000 700 2049 in
713 2015 814 2066 aequore
827 1997 919 2050 turbo:

282 2066 371 2119 Donec
383 2067 437 2119 tale
450 2069 528 2120 decus
540 2069 628 2119 forma
642 2069 755 2132 vexavit,
768 2073 796 2119 et
809 2084 889 2134 aegros

281 2136 308 2189 N
309 2154 342 2188 on
355 2136 426 2203 tulit,
439 2143 465 2188 et
477 2138 582 2189 miseros
594 2138 709 2190 mutavit
722 2137 831 2204 virginis
844 2144 924 2202 111111,

283 2204 397 2257 Oaeruleo
409 2206 509 2274 pollens
523 2210 619 2274 conjux
631 2207 766 2274 Neptunia
778 2223 866 2273 regno.

281 2273 333 2327 Sed
345 2281 433 2327 tamen
446 2283 581 2328 externam
594 2277 708 2344 squamis
717 2277 812 2327 vestire
824 2275 947 2343 puellam,

281 2343 430 2412 Infidosque
442 2346 511 2397 inter
523 2352 639 2398 teneram
652 2346 814 2397 committere
826 2346 908 2413 pisces

280 2413 340 2466 Non
353 2415 593 2466 statuit-nimium
605 2424 643 2467 est
656 2416 763 2467 avidum
775 2433 854 2482 pecus
866 2414 1037 2483 Amphitrites

280 2482 371 2535 A'e'reis
384 2484 470 2551 potius
483 2482 619 2536 sublimem
633 2485 740 2536 sustulit
752 2485 808 2545 alis,

280 2549 355 2603 Esset
367 2560 397 2605 ut
408 2554 437 2604 in
449 2555 525 2604 terris
537 2555 601 2606 facti
614 2556 646 2606 dc
658 2555 763 2605 nominc
776 2555 848 2620 Ciris,

273 2622 341 2678 Ciris
353 2622 489 2697 Amyclaeo
501 2624 636 2678 formosior
648 2642 738 2676 ansere
750 2624 833 2675 Ledae.

259 2697 304 2754 Ac
317 2699 396 2757 velut
408 2701 442 2756 in
455 2699 536 2757 niveo
548 2704 649 2755 tenerae
660 2713 746 2767 quum
753 2694 875 2771 primitus
884 2710 931 2743 oro

248 2770 373 2848 Effigies
385 2776 550 2834 animantis
562 2781 591 2831 11
603 2766 762 2828 ’1111111111
770 2761 897 2815 merueris

238 2845 431 2923 Inperfecta
446 2872 524 2912 novo
540 2851 662 2907 fluitant
673 2844 806 2898 concreta
816 2830 922 2882 calore:
