2700 3242
409 464 670 523 P.VlRGlLIl
702 464 917 522 lllAIlONlS

200 602 1023 735 {BUOOLIOON

200 759 203 819 ἵ
583 779 750 840 uiuus.

605 953 735 970 mmm

481 1066 617 1120 ECLOGA
636 1067 657 1121 I.
693 1063 853 1116 TITYRUS.

517 1203 671 1241 affluemus.
692 1202 820 1239 TITYRUS.

266 1283 340 1335 Mau
358 1281 476 1349 'herma
489 1287 520 1334 tu
532 1283 631 1350 patulae
643 1283 773 1335 recubans
785 1282 834 1334 sub
846 1281 963 1349 tegmine
975 1281 1031 1348 sagi

245 1350 398 1404 silvestrem
411 1352 486 1403 tenui
498 1351 604 1404 Musam
615 1352 753 1404 meditaris
765 1368 865 1404 avena:

244 1421 299 1474 Nes
311 1421 406 1490 patriae
419 1421 483 1472 fines
498 1427 524 1474 et
538 1421 627 1474 dulcia
639 1422 785 1489 linquimus
798 1437 878 1483 arva3

244 1490 297 1543 Nes
310 1490 425 1559 patriam
437 1490 572 1558 fugimus:
591 1497 629 1558 tu,
643 1492 741 1558 Tityre,
753 1491 841 1543 lentus
854 1490 881 1541 in
895 1487 991 1541 umbra

245 1559 395 1612 Formosam
407 1577 528 1612 resonare
540 1561 617 1613 doces
629 1560 795 1626 Amaryllida
808 1560 893 1612 silvas.

266 1630 328 1682 Tm.
348 1628 369 1681 Ο
382 1628 512 1696 Meliboee,
526 1630 590 1681 deus
602 1631 677 1681 nobis
690 1630 746 1681 hae
759 1630 813 1681 etia
825 1629 902 1681 feeit:

244 1697 366 1766 Namque
378 1699 428 1752 erit
440 1699 485 1751 ille
496 1699 564 1750 mihi
577 1716 678 1767 semper
690 1699 769 1762 ‹leus;
787 1699 859 1750 illius
872 1714 944 1749 aram

245 1765 319 1836 Saepe
332 1777 406 1820 tener
417 1769 514 1820 nostris
523 1768 557 1820 ab
569 1769 682 1820 ovilibus
695 1769 795 1820 imbuet
808 1784 900 1835 agnus.

246 1836 294 1889 Ille
307 1854 379 1889 meas
392 1854 477 1890 errare
489 1837 575 1904 boves,
588 1847 619 1890 ut
632 1839 723 1904 cernis,
736 1847 763 1890 et
775 1839 862 1906 ipsum

197 1924 199 1933 ·
244 1905 354 1973 Ludere,
367 1924 427 1974 quae
439 1907 542 1974 vellem,
555 1908 655 1959 calamo
668 1908 787 1976 permisit
800 1905 905 1974 agresti.
1063 1906 1096 1955 lO

261 1975 336 2027 llas.
349 1975 409 2027 Non
421 1977 542 2044 equidem
555 1977 675 2041 iuvide05
693 1977 773 2028 miror
785 1977 870 2042 magis
883 1993 889 2028 :
902 1974 1021 2043 undique
1033 1974 1096 2026 tetis

246 2044 335 2113 Usque
349 2045 414 2096 adeo
427 2046 550 2097 turbatur
562 2048 639 2114 agris.
669 2047 720 2112 Eu,
732 2047 788 2114 ipse
801 2045 915 2112 capellas

246 2113 376 2166 Proteuus
389 2131 459 2181 aeger
470 2132 537 2182 ag0;
556 2116 625 2168 hanc
638 2116 718 2168 etiam
731 2115 785 2182 vix,
798 2116 896 2181 Tityre,
909 2112 984 2166 duee.

246 2182 299 2235 Hie
312 2185 381 2235 inter
394 2184 487 2236 densas
499 2185 601 2236 corula
613 2185 689 2237 modo
702 2201 816 2252 namque
829 2183 960 2251 gemellos,

246 2251 326 2321 Spem
338 2254 432 2320 gregis,
445 2254 496 2310 ah!
517 2255 589 2306 silice
601 2254 629 2306 in
642 2254 715 2306 nuda
728 2254 841 2305 cemiixa
854 2252 969 2318 reliquit.

246 2321 321 2390 Saepe
333 2322 434 2374 malum
446 2323 495 2375 hoc
507 2323 589 2390 nobis,
603 2324 624 2376 si
636 2341 711 2375 meus
723 2340 775 2374 non
788 2323 855 2374 luva
867 2321 969 2387 fuisset,

245 2391 286 2443 De
299 2391 364 2444 eoelo
376 2397 460 2444 tactas
472 2394 579 2445 memini
593 2394 733 2461 praedicere
746 2409 864 2459 quercus.

247 2461 336 2529 [Saepe
349 2462 455 2514 sinistra
468 2479 532 2514 cava
545 2463 668 2530 praedixit
681 2461 714 2513 ab
727 2462 787 2512 ilice
800 2457 911 2527 ceruix]

246 2530 297 2584 Sed
311 2537 408 2598 tamen,
422 2532 471 2583 iste
484 2532 548 2584 deus
561 2532 606 2599 qui
621 2532 662 2597 sit,
676 2532 718 2597 da,
731 2532 828 2597 Tityre,
842 2530 922 2580 uelis.

270 2600 330 2653 Tm.
350 2600 454 2669 Urbem,
467 2619 546 2669 quam
560 2602 653 2652 dicunt
666 2601 784 2666 Romam,
797 2599 926 2651 Melita..
941 2616 947 2659 1
960 2616 984 2645 ι’.
999 2620 1004 2644 ι
1026 2596 1031 2631 i
1066 2597 1099 2644 2¹.)

247 2668 353 2722 Stultus
366 2687 413 2738 ego
425 2671 488 2722 huie
500 2677 595 2722 nostrie
608 2670 729 2740 similem,
742 2686 795 2742 quo
808 2686 879 2743 supe
891 2667 1009 2721 seleuse.

245 2737 367 2815 JJmtores
376 2739 463 2789 ovium
476 2745 579 2794 teneros
592 2742 728 2815 depellere
741 2746 826 2804 fetus.

229 2802 278 2851 810¹
287 2803 510 2862 memorandos
521 2811 632 2890 similes,
648 2819 693 2878 sie
704 2823 854 2883 matribus
862 2819 967 2881 lioelies

651 2908 673 2950 B
