2700 3242
272 298 307 350 52
500 295 529 349 P.
544 295 697 348 VIRGILII
715 296 878 349 MARONIS

267 395 323 449 Nec
334 412 387 448 non
399 395 515 462 Ausonii,
528 395 605 462 'froja
616 412 681 462 gens
692 395 778 462 missa,
790 396 875 448 coloni

268 464 393 517 Versibus
405 465 526 517 incomtis
538 463 636 516 ludunt
647 465 753 532 risuque
766 465 858 531 soluto,

269 533 372 601 Oraque
384 533 524 585 corticibus
536 539 644 585 sumunt
656 533 785 585 horrenda
796 534 895 586 cavatis
907 552 914 596 ;

268 602 304 655 Et
316 608 350 667 te,
363 602 472 669 Bacche,
484 609 579 655 vocant
591 619 637 670 per
649 603 766 654 carmina
777 601 846 669 laeta,
858 602 960 671 tibique

270 671 367 723 Oscilla
379 688 412 722 ex
424 671 480 724 alta
491 671 655 739 suspendunt
667 670 757 722 mollia
768 672 841 739 pinu.

269 739 342 792 Hinc
354 741 437 792 omnis
449 740 522 806 largo
533 739 654 808 pubescit
666 740 743 791 vinea
754 740 830 804 fetu;
1058 743 1111 794 390

269 809 439 877 Complentur
451 809 582 876 vallesque
595 825 665 860 cavae
678 808 811 876 saltusque
823 808 956 876 profundi,

269 877 305 930 Et
317 894 480 946 quocumque
492 877 556 929 deus
569 877 667 928 circum
679 883 760 945 caput
771 878 826 944 egit
837 877 984 932 honestum

270 946 340 1015 Ergo
351 948 402 998 rite
414 963 491 998 suum
502 945 605 997 Baccho
617 945 733 997 dicemus
745 945 869 997 honorem

271 1015 435 1068 Carminibus
447 1015 546 1082 patriis,
560 1013 698 1081 lancesque
710 1020 737 1066 et
748 1013 803 1067 liba
813 1015 944 1080 feremus3

270 1083 307 1136 Et
318 1085 414 1136 ductus
426 1100 507 1136 comu
519 1082 600 1135 stabit
612 1100 683 1134 sacer
694 1083 782 1134 hircus
794 1083 828 1135 ad
840 1102 921 1151 aram,

272 1151 437 1220 Pinguiaque
449 1152 478 1204 in
489 1151 593 1205 veribus
605 1150 761 1203 torrebimus
773 1159 835 1204 exta
847 1152 968 1207 columis

306 1221 354 1274 Est
366 1222 447 1274 etiam
457 1220 503 1273 ille
513 1219 587 1273 labor
598 1220 721 1272 curandis
733 1219 830 1273 vitibus
841 1220 916 1289 alter,

272 1290 322 1343 (lui
332 1306 468 1359 nunquam
480 1289 603 1342 exhausti
615 1290 679 1342 satis
690 1295 730 1341 est
741 1307 748 1342 ι
760 1307 873 1357 namque
882 1308 958 1343 omne
969 1291 1113 1360 quotannis

272 1360 373 1428 Terque
385 1365 529 1428 quaterque
541 1359 625 1412 solum
637 1358 816 1426 scindendum,
828 1359 956 1426 glebaque
968 1361 1048 1413 versis

271 1427 413 1482 AEternum
425 1428 570 1496 frangenda
582 1427 749 1490 bidentibus;
767 1444 843 1479 omne
855 1427 997 1480 levandum
1060 1432 1113 1481 400

272 1497 375 1549 Fronde
386 1514 478 1549 nemus
488 1515 495 1560 ;
512 1497 582 1548 redit
593 1496 713 1563 agricolis
724 1494 797 1548 labor
808 1502 884 1548 actus
896 1497 925 1549 in
936 1497 1032 1565 orbem,

271 1565 361 1634 Atque
373 1565 402 1616 in
414 1583 440 1617 se
452 1582 500 1618 sua
511 1582 558 1634 per
569 1565 681 1632 vestigia
691 1565 808 1617 volvitur
818 1583 911 1618 annus.

272 1634 312 1687 Ac
320 1636 377 1702 jam
389 1634 458 1701 olim,
471 1650 539 1685 seras
551 1634 639 1700 posuit
650 1651 733 1700 quum
744 1635 822 1687 vinea
832 1634 946 1703 frondes,

273 1703 397 1770 Frigidus
409 1708 436 1755 et
449 1702 521 1756 silvis
534 1701 632 1770 Aquilo
643 1700 759 1752 decussit
771 1701 914 1767 honorem3

272 1771 337 1824 Jam
348 1777 407 1824 tum
418 1789 478 1824 acer
489 1788 564 1823 curas
576 1772 725 1823 venientem
739 1772 858 1825 extendit
869 1773 898 1825 in
909 1790 1009 1826 annum

273 1840 405 1907 Rusticus,
417 1847 444 1893 et
456 1857 535 1893 curvo
548 1839 655 1893 Saturni
667 1841 745 1893 dente
756 1841 876 1893 relictam

274 1908 443 1978 Persequitur
454 1910 536 1962 vitem
547 1910 695 1976 attondens,
706 1910 836 1978 fingitque
848 1910 973 1978 putando.

274 1977 378 2031 Primus
390 1979 500 2030 humum
511 1979 602 2045 fodito,
614 1979 714 2047 primus
726 1979 834 2031 devecta
846 1987 960 2032 cremato

274 2047 418 2114 Sarmenta,
430 2053 457 2100 et
469 2047 550 2100 vallos
561 2048 662 2115 primus
674 2047 723 2100 sub
734 2054 805 2100 tecta
816 2049 911 2101 referto
921 2067 929 2112 ;

274 2115 423 2169 Postremus
435 2117 534 2169 metito.
568 2116 613 2168 Bia
625 2117 724 2169 vitibus
735 2117 762 2168 in
816 2117 836 2169 ‘t
848 2117 941 2170 umbra
951 2137 959 2181 ;
1062 2121 1115 2170 410

274 2184 320 2238 Bis
332 2191 445 2254 segetem
457 2185 543 2237 densis
555 2184 690 2237 obducunt
702 2187 770 2238 senti
787 2203 818 2237 us
830 2186 934 2250 herbae3

274 2253 363 2306 Durus
375 2260 485 2322 uterque
497 2253 576 2306 labor.
611 2254 730 2306 Laudato
741 2255 860 2321 ingentia
871 2273 940 2319 rura,

274 2322 410 2391 Exiguum
422 2323 506 2376 colito.
541 2322 566 2375 N
567 2340 596 2375 ec
607 2341 661 2375 non
672 2324 754 2376 etiam
765 2341 856 2392 aspera
867 2324 937 2376 rusci

275 2391 382 2444 Vimine
392 2410 439 2461 per
451 2393 551 2460 silvam,
563 2398 590 2444 et
601 2392 665 2461 ripis
676 2392 791 2444 fluvialis
802 2392 903 2445 arundo

276 2460 398 2527 Caeditur,
411 2461 557 2530 incultique
569 2469 674 2513 exercet
686 2479 749 2513 cura
761 2461 854 2515 salicti

274 2528 295 2581 J
296 2547 338 2581 am
351 2529 446 2582 vinctae
459 2530 533 2597 vites,
541 2532 598 2597 jam
609 2531 704 2582 falcem
716 2529 823 2583 arbusta
833 2537 971 2598 reponunt,

274 2598 295 2651 J
295 2615 339 2649 am
351 2599 422 2649 canit
434 2604 564 2650 extremos
576 2599 688 2652 effetus*
701 2601 798 2652 vinitor
808 2605 898 2652 antes:

275 2665 446 2719 sollicitanda
457 2673 546 2719 tamen
558 2669 644 2734 tellus,
656 2669 794 2737 pulvisque
805 2669 949 2721 movendus
960 2687 967 2732 ;

257 2731 301 2782 Bt
320 2737 366 2784 am
377 2736 494 2788 maturis
503 2737 664 2791 metuendus
676 2737 784 2807 Jupiter
795 2738 860 2790 uris.

304 2806 387 2854 ontis
397 2820 456 2858 non
471 2805 531 2861 ulla
544 2817 585 2863 est
597 2809 664 2864 oleis
677 2809 797 2878 cultura,
806 2824 895 2877 neque
903 2806 959 2858 illae
1071 2812 1121 2858 tab

569 2917 582 2945 ⁹
596 2919 695 2963 effectos
704 2927 827 2962 extremus
