2700 3242
278 276 310 331 '79
508 289 711 343 suouoloou
731 289 795 340 nm.
816 287 867 341 111.

277 390 403 459 Tempore
416 409 468 443 non
481 391 533 443 alio
545 390 638 441 dicunt
651 389 801 456 regis-nibus
813 390 866 441 illis

278 459 407 522 Quaesims
420 462 454 513 ad
467 477 540 513 sacra
552 459 629 511 boves
642 460 660 510 J
662 459 764 524 unonis,
777 466 803 510 et
817 460 872 511 uris

278 529 429 598 Imparibus
442 532 535 581 ductos
548 529 604 580 alta
616 529 650 580 od
663 529 772 580 donaria
784 545 882 580 currus.

277 597 346 666 Ergo
359 617 427 668 aegrs
440 600 530 652 rastris
543 605 639 650 terram
651 598 790 663 rimantur,
802 598 906 666 stipsis

277 667 418 736 Unguibus
429 669 565 721 infodiunt
576 668 673 734 fruges,
686 673 840 734 montesque
852 685 899 736 per
910 668 978 720 altos

277 737 407 791 Contenta
419 738 519 791 cervice
531 737 642 789 trahunt
655 736 795 788 stridentis
807 736 933 804 plaustra.

275 805 335 860 Non
349 809 428 877 lupus
440 807 549 859 insidias
562 806 682 874 explorat
695 806 774 857 osdlia
787 807 893 871 circum,

276 875 331 929 Nec
343 877 466 945 gregibus
479 882 623 927 nocturnus
636 875 789 926 obambulat
800 894 806 936 ;
825 876 907 927 acrior
919 875 997 928 illum

276 945 345 998 (lura
357 947 462 998 domat:
481 943 569 996 timidi
582 945 665 996 damae
679 945 801 1012 cervique
813 945 921 1012 fugaces

275 1014 353 1068 Nunc
365 1016 486 1096 interque
499 1031 576 1065 canes
590 1019 617 1066 et
630 1015 814 1066 circumtecta
827 1021 965 1081 vagantur.
1072 1020 1123 1069 540

274 1083 339 1136 dam
350 1085 429 1136 maris
442 1083 564 1134 rmmensi
576 1082 676 1152 prolem
688 1090 716 1134 et
727 1100 810 1150 genus
823 1101 899 1136 omne
911 1089 1062 1150 natantum,

273 1152 362 1206 Litore
374 1155 403 1205 in
415 1159 540 1218 extremo,
553 1169 602 1205 ceu
614 1153 746 1220 naufraga
758 1169 872 1220 corpora,
884 1153 983 1207 fluctus

273 1221 377 1275 Proluit
387 1243 394 1288 ;
413 1222 525 1274 insolitae
537 1222 647 1290 fugiunt
659 1221 689 1273 in
700 1222 812 1273 flumina
823 1223 921 1291 phocae.

273 1291 370 1345 Interit
382 1298 409 1345 et
422 1292 510 1344 curvis
522 1291 621 1343 frustra
634 1291 741 1343 defensa
753 1291 861 1343 latebris

273 1361 377 1431 Vipera,
390 1367 417 1414 et
430 1361 537 1414 attoniti
550 1361 664 1430 squamis
676 1361 825 1412 astantibus
837 1361 923 1428 hydri

273 1430 340 1499 Ipsis
353 1437 392 1484 est
404 1433 450 1484 a'e'r
462 1430 554 1482 avibus
566 1448 619 1482 non
632 1446 729 1498 aequus,
741 1436 769 1481 et
781 1429 833 1482 illae

271 1499 424 1570 Praecipites
437 1499 493 1552 alta
505 1500 589 1552 vitam
602 1498 650 1550 sub
662 1499 732 1551 nube
744 1499 906 1567 relinquunt.

271 1568 401 1622 Praeterea
410 1571 468 1637 jam
479 1585 528 1620 nec
540 1568 640 1620 mutari
652 1567 751 1636 pabula
761 1568 849 1636 refert,

271 1638 446 1707 Quaesitaeque
459 1645 554 1690 nocent
566 1644 636 1689 artes
646 1657 653 1700 ;
672 1654 771 1690 cessere
782 1637 911 1705 magistri,

270 1706 429 1776 Phillyrides
442 1707 546 1773 Chiron,
560 1706 806 1775 Amythaoniusque
818 1707 975 1776 Melampus.
1068 1713 1120 1763 550

269 1776 360 1845 Saevit,
373 1782 400 1829 et
412 1777 442 1828 in
452 1775 540 1827 lucem
553 1776 653 1844 Stygiis
666 1777 760 1828 emissa
772 1776 887 1829 tenebris

268 1845 373 1899 Pallida
386 1845 528 1914 Tisiphone
540 1846 642 1898 morbos
655 1847 712 1914 agit
724 1851 788 1898 ante
799 1851 960 1913 metumque,

269 1915 355 1983 Inque
365 1916 420 1967 dies
432 1914 542 1967 avidum
554 1933 663 1982 surgens
675 1922 757 1984 caput
768 1915 850 1968 altius
862 1915 944 1968 effert

267 1983 366 2038 Balatu
377 2001 501 2054 pecorum
513 1989 540 2036 et
553 1985 649 2037 crebris
660 1985 808 2052 mugitibus
821 2002 911 2036 amnes

267 2053 432 2122 Arentesque
444 2059 539 2105 sonant
551 2054 615 2122 ripae
627 2055 759 2122 collesque
772 2054 867 2121 supini

267 2123 383 2191 Jamque
395 2123 552 2176 catervatim
565 2123 611 2175 det
624 2130 746 2190 stragem,
758 2129 839 2190 atque
851 2130 961 2190 aggerat
973 2124 1037 2190 ipsis

267 2192 301 2244 In
313 2193 423 2245 stabulis
435 2191 508 2260 turpi
520 2192 623 2259 dilapsa
634 2192 764 2245 cadavera
775 2193 844 2260 tabo,

265 2260 355 2314 Donec
367 2262 448 2313 humo
463 2266 550 2327 tegere
563 2279 594 2313 ac
606 2262 689 2314 foveis
701 2262 859 2314 abscondere
871 2262 985 2314 discunt

265 2330 336 2384 Nam
348 2348 432 2398 neque
445 2336 502 2382 erat
514 2331 591 2382 coriis
604 2348 667 2383 usus
678 2350 685 2395 ;
703 2348 752 2382 nec
765 2331 864 2383 viscera
876 2332 1016 2399 quisqosm

265 2399 322 2452 Aut
333 2401 412 2452 undis
425 2399 527 2452 abolere
540 2405 627 2468 potest
640 2408 688 2453 aut
701 2400 805 2453 vincere
816 2401 939 2453 flamme:
1065 2405 1118 2454 500

265 2468 320 2521 Nec
333 2470 441 2522 tondere
453 2470 561 2536 quidem
574 2470 663 2522 morbo
675 2470 820 2538 illuvieque
832 2487 924 2538 perosa

265 2537 377 2606 Vellera,
390 2556 438 2591 nec
451 2539 517 2591 telas
530 2546 640 2606 possunt
652 2540 785 2606 attingere
797 2548 894 2607 putres.

265 2607 365 2660 Vemm
377 2609 464 2674 etiam,
478 2609 575 2660 invisos
587 2609 609 2660 si
622 2609 682 2676 quis
695 2615 813 2660 tentarat
825 2609 946 2672 amictus,

265 2677 394 2730 Ardentes
407 2677 511 2746 papulae
525 2684 606 2744 atque
618 2678 772 2730 immundus
784 2678 883 2729 olentia
896 2678 975 2728 sudor

251 2745 377 2797 Membra
388 2746 557 2814 sequebatur,
571 2764 621 2801 nec
633 2747 712 2818 longo
725 2747 820 2800 deinde
831 2749 945 2798 moranti

234 2805 371 2874 Tempore
382 2821 527 2873 contactos
538 2827 618 2876 crtus
630 2838 708 2877 sacer·
720 2818 794 2890 ignis
805 2815 911 2872 edebut·
