2700 3242
510 306 678 362 AENEIDOS
695 306 763 360 LIB.
780 309 842 362 XII.
1043 315 1094 366 349

262 462 264 466 Α
287 407 324 461 At
335 407 355 461 J
355 425 408 461 uuo
420 425 435 461 e
448 426 556 478 summo,
568 410 615 478 qui
627 427 700 463 nunc
712 410 831 464 Albanus
842 410 999 480 habetur,-

250 477 319 530 l'um
331 495 417 546 neque
429 495 525 530 nomen
537 485 601 546 erat,
613 496 662 532 nec
673 479 763 547 honos,
775 486 823 533 aut
834 481 919 549 gloria
930 482 1051 536 monti-

250 545 416 616 Prospiciens
429 547 533 600 tumulo
545 565 668 616 campum
680 550 840 618 aspectabat,
853 557 880 603 et
891 550 981 604 ambas

250 614 414 668 laurentum
426 616 575 684 Troumque
587 617 656 670 acies
667 616 811 687 urbemque
823 619 920 673 Iratiui

249 683 392 753 Extemplo
404 685 487 737 'lurni
499 687 536 738 sic
548 691 588 739 est
599 686 682 739 affata
693 704 812 756 sororem,

249 752 320 807 Divo
331 754 415 822 deam,
427 756 527 823 stagnis
540 773 598 824 quae
609 755 815 825 fluminibusque
826 757 925 810 sonoris

249 821 393 904 Praesidet;
411 824 483 877 hunc
494 825 535 876 illi
547 841 597 907 rex
606 825 712 906 aetheris
723 825 795 906 altus
806 827 931 879 honorem
1042 831 1093 881 140

249 891 924 1041 {Illitmbffipdbnigoflbbiffitbffilgatusma
935 964 1031 1018 nostro.

250 1028 313 1096 Scis,
324 1036 357 1082 ut
369 1034 396 1082 te
408 1034 511 1082 cunctis
523 1045 612 1096 unam,
624 1045 797 1097 quaecumque
808 1029 911 1082 Iatrnae

249 1097 417 1166 Magnanimi
428 1098 448 1151 J
449 1097 504 1150 ovis
515 1098 651 1165 ingratum
663 1098 801 1150 ascendere
813 1098 907 1166 cubile,

250 1166 424 1234 Praetulerim,
436 1166 547 1235 coelique
558 1166 652 1219 lubens
664 1167 694 1219 in
705 1173 780 1235 parte
792 1167 914 1222 locarim:

249 1236 327 1290 Disce
339 1243 423 1304 tuum,
435 1254 469 1290 ns
480 1253 523 1289 me
535 1236 645 1303 incuses,
657 1236 677 1289 J
678 1241 785 1302 utuma,
798 1235 919 1291 dolorem.

249 1305 308 1370 Qua
320 1307 375 1359 visa
387 1312 427 1359 est
438 1305 546 1358 fortuna
557 1305 621 1374 pati,
634 1305 775 1372 Parcaeque
787 1303 908 1358 sinebant

249 1375 345 1429 (ledere
357 1392 398 1428 res
411 1373 494 1441 Iatio,
506 1374 625 1426 Turnum
637 1380 665 1426 et
676 1380 725 1427 tua
736 1374 833 1426 moenia
845 1374 914 1427 texi:

248 1443 328 1497 Nunc
337 1446 463 1513 juvenem
474 1443 619 1511 imparibus
631 1443 708 1496 video
720 1459 871 1495 concurrere
882 1442 953 1511 fatis,

248 1512 444 1580 Parcarumque
456 1512 511 1565 dies
522 1517 550 1565 et
561 1512 602 1566 vis
612 1512 722 1565 inimica
733 1511 899 1581 propinquat.
1042 1517 1091 1566 150

248 1581 308 1635 Nou
320 1599 438 1651 pugnam
450 1581 564 1650 aspicere
575 1581 645 1634 hanc
657 1582 747 1648 oculis,
759 1598 813 1634 non
824 1581 923 1635 foedera
934 1599 1046 1652 possum.

248 1649 297 1718 liu,
309 1668 356 1720 pro
442 1667 492 1704 ano
504 1651 526 1703 si
538 1651 602 1718 quid
615 1651 769 1721 praesentius
781 1651 869 1719 audes,

248 1718 332 1789 Perge
338 1738 346 1785 ;
383 1726 446 1773 ecet.
482 1720 581 1772 Forsan
592 1721 699 1773 miseros
711 1720 819 1773 meliora
831 1717 992 1790 sequentur?

249 1788 303 1841 Vix
315 1806 360 1843 ea:
378 1806 461 1857 quum
473 1788 593 1842 lacrimas
606 1789 688 1842 oculis
700 1789 720 1842 J
721 1795 820 1858 uturna
832 1790 957 1858 profudit,

248 1857 350 1927 Terque
362 1863 507 1927 quaterque
518 1876 600 1911 manu
611 1864 704 1928 pectus
716 1859 844 1927 percussit
856 1859 1002 1914 honestum

249 1930 265 1958 ‘⁴
272 1929 333 1981 Non
345 1926 460 1981 lacrimis
471 1926 521 1980 hoc
533 1924 661 1994 tempus‚'’
674 1926 713 1978 ait
725 1924 849 1977 Saturnia
860 1922 934 1976 June
944 1940 950 1975 :

249 2000 265 2028 “
273 1998 404 2059 Accelera‚
416 2001 443 2048 et
454 1997 570 2058 fratrem,
583 1995 605 2047 si
618 1994 676 2062 quis
688 1993 789 2057 modus,
800 1992 871 2060 eripe
883 1989 979 2055 morti;

247 2070 304 2121 Aut
316 2073 348 2120 tu
358 2065 428 2118 bella
439 2066 486 2132 cie,
499 2075 706 2132 conceptumque
718 2066 812 2114 excute
824 2059 917 2113 foeffus.

247 2138 349 2190 Auctor
360 2151 408 2203 ego
419 2134 558 2187 audendi.”
594 2133 636 2186 Sic
648 2132 788 2184 exhortata
805 2130 912 2208 reliquit

247 2202 388 2269 Incertam,
400 2207 429 2254 et
440 2200 511 2254 tristi
523 2199 658 2252 turbatam
670 2198 778 2250 vulnere
790 2203 893 2249 mentia
1037 2197 1088 2248 160

283 2270 389 2324 Interea
400 2287 482 2338 reges,
494 2269 598 2338 ingenti
609 2268 678 2320 mole
689 2267 801 2320 Iatinus

248 2339 411 2410 Quadrijugo
423 2339 531 2392 vehitur
542 2355 628 2405 curru,
641 2336 686 2390 cui
697 2343 816 2404 tempora
827 2335 925 2388 circum

247 2411 343 2462 Aurati
354 2409 394 2462 bis
406 2426 453 2462 sex
464 2407 533 2460 radii
544 2406 676 2473 fulgentia
688 2406 807 2472 ciugrmt,

247 2478 314 2532 Solis
326 2479 370 2532 avi
382 2478 529 2547 specimen:
547 2476 615 2544 bigis
628 2475 651 2528 it
663 2475 768 2528 Turnus
780 2475 808 2526 in
820 2473 895 2541 albis,

246 2548 316 2600 Bina
327 2565 407 2599 manu
419 2547 474 2598 lato
486 2546 537 2599 cris
556 2562 603 2597 ans
615 2545 724 2597 hastilia
735 2544 810 2596 ferro.

247 2617 320 2670 Hinc
332 2623 407 2686 pater
418 2616 523 2682 AEneas,
575 2631 660 2667 manae
672 2613 762 2734 stirpis
774 2613 854 2692 origo,

246 2687 352 2740 Siderco
364 2686 478 2753 flagrans
491 2684 574 2753 clipeo
586 2690 614 2736 et
626 2684 724 2736 coelesti
743 2699 774 2734 us
785 2698 872 2748 armis,

246 2756 283 2809 Et
291 2757 374 2823 juxta
385 2754 522 2822 Ascanius,
534 2770 637 2823 maguae
649 2770 709 2824 spes
720 2752 808 2806 altera
816 2751 927 2817 huna,

242 2823 395 2877 Procedant
406 2823 507 2895 castris,
520 2843 644 2899 puraque
656 2825 691 2882 iu
700 2830 780 2883 ueste
790 2821 922 2880 sambae
