2700 3242
283 321 335 377 100
517 325 548 380 P.
560 324 714 378 VIRGILII
733 323 895 376 MARONIS

285 417 392 473 ltaliam
405 436 491 489 qnaero
504 419 624 488 patriam,
637 435 720 485 genus
732 416 765 468 ab
778 417 845 468 Jove
858 433 965 468 summo.
1075 419 1129 469 380

285 491 330 542 Bis
343 491 416 541 denis
429 489 574 556 Phrygium
587 487 724 539 conscendi
737 486 848 538 navibus
861 502 955 553 sequor,

284 559 370 610 Matre
383 560 432 611 dea
443 565 605 610 monstrante
617 557 696 621 viam,
709 556 771 607 data
783 556 840 606 fata
852 563 963 606 secutus.

286 628 338 679 Vix
351 637 450 696 septem
463 627 592 680 convulsae
604 626 683 677 undis
695 625 817 692 Euroque
830 631 979 691 supersunt.

284 698 343 764 Ipse
357 699 469 764 ignotus,
482 713 568 764 egens,
580 695 668 764 Libya
681 695 783 746 deserta
795 711 910 762 peragro,

280 766 387 834 Europe
400 773 479 835 atque
493 767 555 817 Asia
567 766 683 834 pulsus.’'
719 765 743 815 N
745 780 774 815 ec
786 764 863 831 plura
875 768 1029 831 querentem

281 833 361 887 Passa
376 835 465 887 Venus
476 836 563 886 medio
577 838 612 887 sic
626 835 751 888 interfata
763 833 852 885 dolore
864 843 920 884 est:

316 905 464 971 “Quisquis
477 922 511 967 ee,
526 905 604 969 haud,
618 906 701 968 eredo,
714 903 814 954 invisus
826 901 974 954 coelestibus
987 920 1066 954 auras

284 967 384 1020 Viteles
397 969 488 1037 carpis,
501 969 607 1036 Tyriam
620 969 666 1036 qui
678 969 814 1022 adveneris
826 970 923 1022 urbem.

282 1035 365 1106 Perge
377 1038 460 1104 modo,
473 1044 552 1106 atque
564 1038 627 1089 hine
639 1045 666 1091 te
677 1038 774 1106 reginae
786 1039 820 1092 ad
832 1039 925 1090 limina
936 1039 1031 1106 perfer.

281 1106 401 1175 Namque
414 1106 461 1160 tibi
474 1107 580 1159 reduces
593 1107 672 1160 socios
686 1108 844 1175 classemque
856 1108 967 1160 relatam
1073 1112 1125 1162 390

281 1174 392 1243 Nuncio,
404 1184 431 1229 et
443 1177 471 1228 iu
484 1181 572 1228 tutum
585 1177 664 1228 versis
678 1178 853 1246 Aquilonibus
866 1186 960 1242 actam,
1076 1181 1078 1185 '

227 1261 229 1268 ’
280 1243 316 1296 Ni
328 1247 426 1298 frustra
438 1246 578 1314 augurium
590 1247 652 1298 veni
664 1246 774 1298 docuere
786 1253 913 1313 parentes.

280 1314 375 1383 Aspice
388 1314 427 1367 bis
439 1333 512 1368 senos
525 1316 645 1368 laetantes
657 1315 762 1382 agmine
774 1333 876 1382 cycnos,

280 1383 400 1437 AEtheria
412 1402 475 1452 quos
487 1384 560 1453 lapsa
572 1385 651 1454 plaga
663 1385 682 1437 J
684 1385 739 1436 ovis
751 1384 804 1436 ales
817 1390 907 1452 aperto

279 1452 412 1506 Turbabat
424 1455 506 1518 coelo;
524 1471 595 1506 nunc
608 1461 690 1506 terras
702 1453 792 1506 ordine
805 1454 882 1521 longo

278 1523 334 1574 Aut
346 1539 445 1590 capere,
458 1530 505 1576 aut
518 1531 608 1591 captas
617 1525 675 1591 jam
687 1523 838 1591 despectare
851 1523 989 1575 videntur:

279 1590 316 1644 Ut
328 1592 436 1644 reduces
448 1592 488 1662 ilii
500 1592 597 1644 ludunt
610 1592 780 1644 stridentibus
793 1593 849 1658 alis,

277 1658 313 1713 111
326 1667 395 1712 coetu
408 1661 513 1729 cinxere
526 1661 622 1730 polum,
636 1670 780 1730 cantusque
792 1662 892 1728 dedere,
928 1720 930 1724 ,

278 1728 359 1782 Haud
371 1730 448 1782 aliter
459 1748 611 1798 puppesque
624 1737 678 1782 tuse
690 1731 823 1799 pubesque
837 1740 942 1783 tuorum

277 1800 333 1851 Aut
345 1807 449 1867 portum
462 1806 542 1865 tenet,
556 1808 603 1851 aut
616 1800 693 1868 pleno
706 1799 777 1852 subit
789 1801 856 1852 ostia
868 1801 933 1853 velo.
1067 1806 1120 1854 400

276 1866 359 1936 Perge
371 1869 454 1935 modo,
467 1876 501 1934 et,
514 1886 566 1936 qua
579 1876 605 1921 te
618 1869 692 1920 ducit
704 1871 754 1936 vie,
767 1871 850 1936 dirige
862 1869 1004 1937 gressunr.'’

310 1938 405 2001 Dixit;
423 1944 449 1990 et
462 1947 581 1990 avertens
593 1956 666 1990 rosea
679 1940 778 1991 cervice
790 1939 901 2006 refulsit,

276 2006 470 2076 Ambrosiasque
482 2025 560 2060 comte
574 2008 694 2060 divinum
706 2009 802 2060 vertice
815 2010 919 2061 odorem

275 2076 427 2144 Spiravere:
446 2078 523 2145 pedes
535 2079 614 2129 vestis
627 2076 739 2129 defluxit
751 2078 785 2129 ad
798 2078 879 2142 imos;

277 2143 311 2198 Et
323 2164 385 2198 vera
397 2147 499 2198 incessu
511 2147 600 2215 patuit
612 2147 667 2199 dea.
700 2147 749 2199 Ille
761 2147 807 2199 ubi
819 2154 931 2200 matrem

275 2216 399 2283 Agnovit,
412 2216 459 2268 tali
472 2217 616 2283 fugientem
631 2223 670 2268 est
683 2233 745 2268 voce
757 2225 877 2269 secutus:

275 2286 290 2311 ‘⁶
301 2285 370 2347 Quid
382 2295 476 2338 natum
488 2287 566 2339 toties
579 2286 693 2338 crudelis
705 2293 735 2339 tu
749 2305 851 2355 quoque
863 2287 936 2339 falsis

275 2351 356 2405 Ludis
370 2355 549 2423 imaginibus?
569 2373 616 2407 cur
628 2357 728 2408 dextrae
738 2359 851 2424 jungere
863 2357 985 2408 dextram

936 2425 950 2448 11

273 2420 298 2472 N
300 2438 333 2473 on
346 2424 432 2487 datur,
445 2442 476 2477 ac
489 2442 563 2478 veras
575 2426 667 2477 audire
680 2434 706 2478 et
718 2427 825 2477 reddere
838 2425 934 2477 voces?

273 2485 380 2539 Talibus
393 2486 504 2552 incusat,
516 2504 686 2554 gressumque
698 2487 732 2539 ad
744 2489 841 2541 moenia
852 2490 946 2543 tendit.
1063 2495 1116 2545 410

272 2555 310 2607 At
323 2556 412 2608 Venus
425 2555 532 2608 obscuro
544 2556 694 2623 gradientes
706 2559 766 2609 aere
778 2559 865 2626 sepsit,

273 2623 309 2676 Et
319 2625 404 2676 multo
416 2625 518 2676 nebulae
531 2627 627 2677 circum
640 2626 689 2678 dea
701 2627 772 2679 fudit
783 2629 890 2693 amictu,

270 2693 382 2746 Cernere
391 2711 426 2746 ne
439 2695 497 2763 quis
509 2712 558 2762 eos,
571 2712 623 2746 neu
636 2696 694 2763 quis
706 2697 857 2764 contingere
869 2705 962 2767 posset,

250 2758 382 2815 Molr‘rr've
394 2783 506 2836 moram,
519 2773 571 2821 aut
583 2765 710 2821 veniendi
721 2783 828 2838 poscere
838 2784 939 2820 cauas.

202 2902 208 2909 .
233 2823 305 2893 [ΡΜ
317 2831 451 2904 P⁸Plll1m
466 2837 595 2896 sublimis
608 2839 677 2914 abit,
691 2839 825 2910 sedesque
834 2836 931 2890 revisit

201 2936 210 2987 1
