2700 3242
333 313 366 363 78
542 309 571 363 Ρ.
590 309 746 362 VIRGILII
765 307 926 361 sinuosis

322 413 411 464 Pastor
422 411 479 479 agit
491 428 573 478 curas,
586 417 614 464 et
625 411 690 464 dum
702 428 755 463 non
766 416 824 463 arte
835 427 931 463 canora

319 481 460 600 (1111111111
471 481 578 532 solitum
589 481 741 533 modulatur
752 480 882 532 arundine
894 497 1018 533 carmen:

319 549 374 602 'len
393 550 415 601 it
426 550 561 602 inevectus
573 550 658 602 radios
671 549 830 618 Hyperionis
841 549 932 616 ardor,
1113 553 1163 602 100

319 619 470 686 Lucidaque
483 618 591 671 aetherio
602 619 678 687 ponit
690 618 841 670 discrimina
852 619 959 685 mundo,

321 688 379 752 Qua
387 689 454 756 jacit
467 686 600 740 Oceanum
611 687 730 739 flammas
741 688 771 738 in
782 694 926 754 utrumque
937 705 1053 755 rapaces

355 757 390 808 Et
398 759 456 824 jam
468 757 639 824 compellente
651 774 725 823 vagae
737 762 841 824 pastore
853 756 960 824 11111111

321 826 379 878 Ima
392 826 550 877 susurrantis
562 825 689 893 repebant
700 825 735 877 ed
746 825 815 878 vada
826 824 949 893 lymphae,

322 895 386 959 Quae
399 894 488 946 subter
499 894 610 947 viridem
622 894 772 947 residebant
784 895 880 946 caerula
891 911 1020 947 muscum.

323 965 385 1016 ,11111
397 963 495 1015 medias
508 980 615 1031 operum
627 970 715 1031 partes
727 968 833 1016 evectus
845 970 902 1015 erat
914 963 959 1030 sol,

323 1033 410 1093 Quum
423 1032 516 1084 densas
528 1037 617 1100 pastor
628 1033 741 1100 pecudes
754 1032 862 1099 cogebat
874 1032 903 1083 in
916 1031 1029 1099 umbras,

322 1103 358 1153 Et
371 1101 463 1182 procul
475 1102 578 1170 aspexit
590 1101 650 1153 luco
661 1102 774 1153 residere
787 1102 890 1168 virenti,

322 1170 400 1222 Delia
411 1170 480 1237 diva,
492 1175 553 1224 tuo:
571 1187 624 1238 quo
636 1171 769 1238 quondam
781 1172 852 1223 victa
863 1172 950 1222 furore

324 1239 404 1291 Venit
417 1239 568 1307 Nyctelium
580 1240 685 1307 fugiens
698 1241 818 1292 Cadmeis
832 1240 923 1307 Agave
1120 1242 1166 1292 110

324 1308 451 1360 Infandos
464 1308 587 1361 scelerata
600 1327 694 1361 manus
706 1327 720 1361 1
732 1310 803 1361 caede
815 1315 940 1362 cruenta:

326 1378 390 1440 Quae
402 1378 496 1445 gelidis
505 1377 632 1431 bacchata
640 1379 714 1446 jugis
726 1378 857 1445 requievit
868 1379 897 1429 in
909 1383 994 1431 antro.

326 1446 458 1498 Posterius
470 1464 574 1515 poenam
585 1448 643 1500 nati
656 1465 683 1499 se
694 1454 777 1499 morte
789 1448 915 1500 futuram

327 1515 352 1566 H
356 1517 379 1567 ic
392 1516 471 1567 etiam
483 1516 562 1569 viridi
573 1516 695 1569 ludentes
707 1517 791 1569 Panos
803 1517 832 1568 in
844 1517 925 1568 herba

327 1585 362 1637 Et
375 1584 462 1652 Satyri
474 1586 642 1653 Dryadesque
654 1586 745 1638 choros
757 1603 832 1652 egere
843 1586 939 1653 puellae

327 1654 461 1706 Naiadum
473 1660 550 1707 coetu.
586 1656 701 1707 Tantum
713 1673 766 1707 non
779 1655 897 1723 Orpheus
911 1654 1031 1707 Hebrum

329 1723 482 1775 Restantem
494 1724 580 1776 tenuit
592 1725 656 1792 ripis
668 1725 797 1792 silvasque
810 1725 934 1791 canendo,

329 1793 465 1855 Quantum
477 1798 511 1859 te,
524 1793 620 1859 Peneu,
633 1801 807 1846 remorantem
820 1794 864 1844 dia
875 1794 976 1860 chorea,

329 1861 417 1913 Multa
429 1862 477 1913 tibi
489 1863 550 1913 laeto
563 1863 704 1914 fundentes
715 1864 813 1930 gaudia
825 1862 909 1928 vultu,

329 1930 392 1999 Ipsa
403 1931 454 1982 loci
466 1937 563 1984 natura
575 1932 682 1983 domum
693 1938 831 1984 resonante
844 1949 947 1983 susurro
1124 1935 1151 1984 15

330 2000 409 2064 Queis
422 2000 509 2068 dabat,
523 2008 549 2054 et
562 2002 633 2053 dulci
646 2003 727 2054 fessas
739 2001 872 2055 refovebat
884 2002 913 2052 in
925 2001 1028 2054 umbra.

330 2070 399 2122 Nam
411 2071 525 2138 primum
537 2089 619 2139 prona
632 2072 773 2138 surgebant
785 2071 854 2123 valle
866 2077 986 2139 patentes

330 2139 420 2192 Aerem
432 2139 562 2207 platanus,
575 2141 644 2192 inter
656 2158 721 2208 quas
733 2141 814 2208 impia
826 2141 899 2203 lotos,

331 2208 424 2276 Impia,
437 2226 495 2276 quae
508 2210 588 2261 socios
602 2210 688 2261 Ithaci
700 2211 831 2261 maerentis
844 2210 940 2276 abegit,

330 2277 445 2345 Hospita
456 2279 520 2329 dum
531 2280 614 2331 nimia
626 2279 713 2331 tenuit
725 2279 864 2330 dulcedine
876 2285 973 2346 captos.

330 2347 374 2413 At,
388 2346 483 2414 quibus
494 2348 593 2414 insigni
605 2366 683 2400 curru
695 2351 825 2416 projectus
838 2366 965 2415 equorum

330 2416 475 2467 Ambustus
488 2417 627 2469 Phaethon
640 2418 716 2469 luctu
727 2424 876 2470 mutaverat
889 2423 970 2484 artus,

331 2485 455 2536 Heliades
468 2486 564 2537 teneris
577 2487 705 2554 amplexae
717 2487 824 2538 brachia
837 2487 938 2538 truncis

331 2556 449 2607 Candida
461 2555 608 2606 fundebant
622 2557 701 2607 tentis
714 2556 845 2608 velamina
857 2557 944 2608 ramis.

326 2624 471 2693 Posterius
484 2625 526 2677 cui
539 2625 708 2692 Demophoon
720 2633 819 2676 11111111
830 2625 938 2691 reliquit

320 2698 474 2756 Perfidiam
485 2695 656 2754 lamentandi
663 2695 745 2761 mala,
750 2695 850 2771 pertula
860 2694 960 2746 multis.

316 2775 411 2842 Quam
424 2772 638 2832 comitabantur
651 2765 751 2820 letalia
761 2778 877 2815 earmina
886 2778 1006 2836 WQ

308 2849 444 2918 Quercus
460 2857 532 2909 ante
547 2847 636 2913 datae,
648 2836 757 2895 Cereris
768 2833 1066 2900 mammeam&
