2700 3242
411 469 676 530 P.V1RG1L11
704 464 915 522 trunonis
989 422 990 425 Ὺ

357 617 385 704 C
499 613 537 701 U
648 610 681 699 L
794 611 826 696 E
940 604 974 692 X

519 775 810 829 aaoounviuu.

598 946 727 962 mmm

245 1091 384 1161 hosimus,
397 1093 498 1162 Octavi,
511 1095 603 1162 gracili
615 1096 769 1149 modulante
781 1097 882 1162 Thalia,

251 1165 347 1232 Atque,
359 1170 391 1216 ut
402 1164 524 1231 araneoli,
537 1172 644 1217 tenuem
655 1166 825 1218 formavimus
838 1183 932 1220 orsum.

251 1233 387 1287 Lusimus:
406 1234 463 1286 haee
475 1239 580 1302 propter
593 1234 689 1287 Culicis
702 1236 756 1287 sint
768 1236 885 1288 earmina
896 1235 976 1302 diota,

252 1302 343 1357 Omnis
354 1308 387 1354 ut
398 1303 514 1355 historiae
526 1321 573 1372 per
584 1303 677 1356 ludum
690 1310 813 1356 consonet
825 1305 888 1356 ordo

252 1371 374 1424 Notitiae:
393 1373 489 1425 ducam
500 1390 583 1439 voees,
595 1373 657 1424 lieet
668 1372 776 1424 invidus
788 1373 864 1424 adsit.

253 1442 378 1509 Quisquis
390 1442 440 1493 erit
453 1441 559 1510 culpare
568 1443 640 1509 jocos
653 1442 813 1508 Musamque
825 1446 942 1510 paratus,

253 1511 371 1562 Pondere
383 1511 426 1564 vel
438 1510 535 1562 Culicis
547 1510 629 1563 levior
640 1511 763 1578 famaque
775 1511 881 1564 feretur.

253 1579 386 1632 Posterius
397 1580 516 1646 graviore
528 1597 590 1632 sono
602 1580 651 1631 tibi
663 1580 742 1632 Musa
754 1580 876 1647 loquetur

252 1649 356 1715 Nostra,
369 1649 471 1701 dabunt
483 1666 566 1717 quum
578 1666 680 1701 securos
692 1650 758 1701 mihi
770 1655 887 1718 tempora
898 1649 1009 1716 fruetus,
1064 1652 1096 1700 10

253 1719 292 1771 Ut
304 1718 354 1770 tibi
366 1718 447 1785 digna
459 1726 505 1771 tuo
518 1718 651 1787 poliantur
663 1721 779 1771 earmina
792 1738 876 1772 sensu

289 1788 396 1840 Latonae
407 1789 549 1856 magnique
561 1787 640 1840 decus
652 1788 672 1841 J
673 1789 735 1855 ovis,
747 1807 827 1842 aurea
839 1789 931 1859 proles,

255 1857 370 1911 Phoebus
382 1858 433 1910 erit
444 1858 527 1909 nostri
539 1857 660 1925 princeps
673 1863 700 1910 et
713 1859 834 1910 carminis
846 1863 945 1924 auctor,

254 1928 291 1980 Et
302 1927 436 1979 recinente
448 1927 506 1994 lyra
517 1927 612 1993 fautor,
625 1928 680 1978 sive
692 1927 788 1978 educat
799 1927 877 1979 illum

255 1996 335 2049 Alma
347 1996 488 2048 (lhimaereo
500 1996 623 2048 Xanthus
636 1997 743 2064 perfusa
755 1996 864 2062 liquore,

256 2065 309 2118 Seu
320 2083 412 2117 nemus
425 2065 542 2132 Asteriae,
555 2083 602 2117 seu
615 2082 667 2132 qua
679 2065 806 2116 Parnasia
816 2081 896 2132 rupes

256 2135 328 2187 Hine
340 2140 420 2203 atque
432 2135 495 2186 hino
507 2133 600 2202 patula
612 2133 760 2202 praepandit
773 2150 870 2185 cornua
881 2132 976 2198 fronte,

257 2204 430 2272 Castaliaeque
442 2220 536 2256 sonans
548 2204 648 2271 liquido
661 2204 727 2271 pede
739 2202 839 2254 labitur
851 2201 930 2254 unda.

257 2275 352 2341 Quare,
365 2274 445 2326 Pierii
456 2272 543 2325 laticis
556 2274 642 2339 decus,
654 2273 700 2338 ite,
713 2289 810 2323 sorores

256 2344 283 2396 N
284 2344 365 2410 uides,
377 2348 405 2395 et
417 2342 547 2395 celebrate
560 2343 638 2394 deum
651 2341 795 2410 plaudente
807 2340 907 2393 chorea.

257 2414 294 2466 Et
306 2413 363 2479 tibi,
376 2418 467 2464 sancta
479 2411 563 2478 Pales,
575 2411 609 2463 ad
622 2429 702 2479 quam
713 2416 826 2464 ventura
837 2407 950 2461 recurrit
1065 2409 1101 2459 20

257 2481 401 2550 Agrestrim
413 2481 481 2533 bona
493 2498 564 2547 eura,
577 2481 650 2548 sequi
663 2481 698 2532 sit
709 2497 773 2531 eura
786 2478 900 2531 tenentis

257 2553 355 2604 Atreos
367 2568 503 2602 nemorum
515 2556 616 2602 tractus
629 2549 759 2617 silvasque
771 2548 892 2600 virentes

258 2621 295 2673 'Pe
307 2619 417 2672 cultrice
429 2637 512 2687 vagus
525 2618 608 2671 saltus
619 2619 688 2670 feror
699 2618 769 2670 inter
781 2623 808 2669 et
820 2622 899 2672 astra.

250 2722 252 2729 ,
294 2690 332 2741 At
344 2695 383 2756 tu,
396 2688 440 2741 oui
451 2688 552 2741 meritis
564 2688 648 2740 oritur
659 2686 758 2740 fiducia
769 2685 878 2754 chartis,

260 2758 352 2810 Octavi
367 2757 520 2828 venerande,
533 2757 601 2815 meis
613 2756 735 2815 ellabant
745 2756 856 2827 emelim
