2700 3242
515 295 685 348 AENEIDOS
703 296 771 350 LIB.
790 297 822 350 V.
1043 300 1094 349 185

246 389 327 446 Certa
337 402 454 463 manent,
467 397 556 464 pueri,
569 403 596 449 et
608 397 725 466 palmam
735 405 824 451 movet
835 397 926 450 ordine
939 415 1030 450 nemo:

246 459 294 513 Me
306 462 385 516 liceat
398 483 472 517 casus
484 467 601 519 miserari
614 468 725 520 insontis
736 467 836 519 amici?
1038 472 1090 520 350

246 529 291 582 Sic
303 532 383 600 fatus,
396 541 500 601 tergum
513 536 611 588 Gaetuli
623 538 737 588 immane
750 537 832 588 leonis

245 598 302 653 Dat
315 601 391 667 Salio,
406 604 475 655 villis
488 622 624 656 onerosum
637 612 718 670 atque
730 607 864 672 unguibus
877 607 969 659 aureis.

247 669 302 720 Hie
315 669 402 735 Nisus,
415 670 466 724 “Si
479 673 579 739 tanta,”
591 675 686 741 inquit,
699 675 713 701 “
722 682 782 725 sunt
795 674 903 740 praeniia
915 674 999 738 victis,

243 737 282 790 Et
293 744 322 790 te
334 738 466 806 lapsorum
478 740 599 792 miseret:
618 756 677 807 quae
689 757 798 790 munera
811 739 835 789 N
836 740 874 790 iso

243 806 336 874 Digna
349 807 442 860 dabis?
460 808 572 876 primam
583 809 668 860 merui
680 809 725 876 qui
738 809 816 860 laude
829 825 957 877 coronam,

243 875 271 927 N
272 877 282 927 i
293 894 345 943 me,
358 894 416 945 quae
429 877 537 943 Selium,
549 878 657 929 fortuna
668 878 776 928 inimica
789 878 892 929 tulisset
901 871 923 930 :'’

244 945 282 997 Et
294 946 374 997 simul
387 947 428 998 his
441 947 519 998 dietis
531 947 625 998 faciem
637 946 794 1011 ostentabat,
807 954 833 999 et
846 947 896 998 ndo

244 1014 347 1083 Turpia
358 1015 475 1068 membra
486 1017 554 1068 fim0.
585 1017 654 1068 Risit
666 1024 741 1084 pater
754 1016 868 1083 optimus
881 1016 934 1083 olli,

244 1083 283 1135 Et
295 1084 411 1152 clipeum
423 1085 507 1137 efferri
516 1086 605 1153 jussit,
618 1087 789 1152 Didymaonis
802 1093 878 1145 artes,

243 1153 367 1221 Neptuni
380 1171 451 1206 sacro
463 1155 562 1206 Danais
575 1156 607 1206 de
619 1162 693 1222 poste
705 1156 824 1207 refixurn.
1039 1158 1089 1208 360

244 1222 306 1273 Hoc
314 1224 441 1289 juvenem
452 1225 587 1291 egregium
600 1224 736 1291 praestanti
748 1241 856 1275 munere
869 1224 957 1277 donat.

282 1291 354 1352 Post,
367 1291 412 1342 ubi
424 1294 536 1344 confecti
549 1310 647 1359 cursus,
660 1300 687 1344 et
699 1294 768 1345 dona
780 1294 898 1360 peregit3

245 1356 263 1386 ‘⁴
270 1357 298 1410 N
299 1376 358 1424 unc,
371 1359 449 1410 sicui
462 1360 546 1411 virtus
559 1361 715 1428 animusque
729 1361 757 1410 in
770 1367 872 1427 psctore
886 1375 999 1424 praesens

249 1426 335 1492 Adsit,
347 1433 374 1479 et
385 1427 495 1480 evinctis
508 1429 614 1480 attollat
626 1428 734 1480 brachia
746 1428 865 1495 pahnis.'’

245 1495 291 1548 Sic
303 1495 350 1561 ait,
362 1502 389 1548 et
401 1496 537 1564 geminum
550 1513 645 1564 pugna
658 1496 780 1563 proponit
793 1495 930 1548 honorem:

244 1563 350 1616 Victori
361 1565 479 1617 velatum
491 1582 555 1617 auro
567 1565 694 1633 vittisque
703 1567 848 1632 juvencum
860 1583 866 1626 ;

244 1633 346 1685 Ensem
358 1640 438 1702 atque
450 1634 581 1701 insignem
593 1634 703 1700 galeam,
717 1634 811 1685 solatia
823 1634 900 1686 victo.

244 1702 304 1755 Nec
317 1719 406 1766 mora3
425 1705 548 1755 continuo
561 1704 642 1755 rastis
656 1721 716 1754 eum
729 1703 828 1755 viribus
841 1704 916 1755 effert

245 1771 302 1824 Ora
314 1771 402 1838 Dares,
414 1789 561 1840 magnoque
573 1772 661 1823 virum
673 1790 700 1823 se
712 1790 847 1824 murmure
860 1772 948 1836 tollit;

243 1840 324 1893 Solus
336 1840 382 1907 qui
394 1840 515 1893 Paridem
528 1841 620 1892 solitus
633 1842 790 1893 contendere
803 1848 901 1908 contra,
1040 1844 1093 1894 370

245 1909 375 1978 Idemque
387 1910 421 1962 ad
434 1910 575 1977 tumulum,
589 1927 640 1978 quo
653 1912 785 1962 maximus
798 1911 908 1963 occubat
921 1911 1027 1978 Hector,

244 1977 381 2030 Victorem
394 1979 481 2030 Buten
493 1979 603 2031 immani
616 1997 729 2047 corpore,
742 1981 787 2048 qui
800 1998 827 2032 se

243 2046 376 2115 Bebrycia
387 2049 494 2100 veniens
507 2049 601 2116 Amyci
614 2048 646 2099 de
658 2057 738 2116 gente
751 2050 859 2116 ferebat,

243 2116 372 2182 Perculit,
385 2123 413 2169 et
424 2117 499 2169 fulva
511 2118 698 2169 moribundum
711 2120 832 2170 extendit
845 2135 930 2170 arena.

243 2186 318 2239 'Palis
330 2186 416 2254 prima
427 2187 509 2238 Dares
523 2194 604 2255 caput
616 2188 701 2239 altum
714 2189 741 2238 in
755 2189 847 2256 proelia
859 2187 939 2255 tollit,

244 2255 422 2324 Ostenditque
434 2255 555 2307 humeros
568 2256 641 2321 latos,
654 2258 808 2324 alternaque
817 2259 904 2324 jactat

243 2324 361 2378 Brachia
372 2325 537 2392 protendens,
550 2333 577 2377 et
590 2326 709 2378 verberat
721 2326 817 2377 ictibus
829 2343 913 2378 auras.

246 2394 382 2458 Qnaeritur
394 2394 458 2446 huic
471 2394 554 2446 alius:
573 2412 621 2446 nec
635 2396 776 2463 quisquam
788 2413 821 2447 ex
834 2396 939 2462 agmine
952 2399 1027 2446 tanto

244 2463 338 2516 Audet
349 2463 422 2515 adire
434 2463 528 2529 virum,
540 2464 715 2532 manibusque
727 2464 851 2515 inducere
864 2471 958 2516 cestus.

244 2532 319 2600 Ergo
330 2531 431 2600 alacris,
445 2540 605 2600 cunctosque
617 2540 715 2601 putans
728 2533 853 2585 excedere
865 2533 960 2600 palma,
1043 2537 1095 2585 380

244 2602 339 2654 AEneoe
353 2602 427 2653 stetit
439 2608 502 2654 ante
515 2602 593 2669 pedes
604 2621 611 2666 ;
629 2620 678 2654 nec
690 2603 768 2671 plura
781 2609 903 2665 moratas,

245 2671 317 2724 Tum
328 2670 396 2722 laeva
409 2677 517 2722 taurum
529 2688 611 2722 eornn
623 2678 704 2738 tenet,
718 2679 798 2738 atque
810 2672 849 2722 ita
861 2673 950 2724 fatur:

247 2737 263 2764 “
272 2736 342 2788 Nate
355 2736 410 2801 dea,
424 2738 445 2787 si
457 2754 533 2789 nemo
545 2738 627 2790 audet
639 2756 666 2792 se
680 2738 787 2794 credere
798 2754 913 2811 pugna,

249 2804 314 2866 Qua
322 2805 384 2855 finis
392 2806 482 2857 standi
493 2805 504 2860 t
521 2824 573 2876 quo
586 2828 629 2866 rne
644 2811 725 2868 decet
738 2832 831 2884 usque
842 2807 957 2868 tenerit
