2700 3242
510 297 674 352 AENEIDOS
692 299 760 356 LIB.
777 301 826 358 XL
1036 309 1088 360 341

244 396 369 450 Femineo
381 397 475 466 praedae
487 403 515 450 et
527 399 668 467 spoliorum
680 401 791 455 ardebat
802 420 907 458 amore:

244 466 338 519 Telum
350 483 384 519 ex
395 467 498 519 insidiis
510 486 592 536 quum
604 470 713 522 tandem
725 477 842 540 tempore
854 480 933 542 capto

245 534 374 599 Concitet,
386 542 414 588 et
426 553 531 605 superos
544 541 643 592 Arruns
656 539 693 591 sic
705 557 768 593 voce
780 549 920 620 precatur:

247 601 263 628 ‘⁴
271 600 378 655 Summe
392 603 477 670 deum,
491 607 574 657 sancti
586 612 674 658 eustos
687 605 801 659 Soractrs
813 608 915 675 Apollo,

245 672 331 736 Quem
342 673 421 742 primi
433 673 550 739 colim‘us,
563 673 606 724 cui
618 672 712 741 pineus
724 673 802 726 ardor
813 691 905 728 acervo

244 741 374 809 Pascitur,
386 748 413 794 et
424 742 541 794 medium
553 741 615 794 freti
627 742 726 810 pietate
738 760 785 811 per
797 743 886 810 ignem

245 810 364 864 Cultores
375 810 462 863 multa
473 811 616 879 premimus
627 811 740 879 vestigia
752 828 856 879 pruna5

243 879 294 947 Da,
307 880 393 948 Pater,
406 880 455 933 hoe
467 879 562 932 uostris
573 880 671 932 aboleri
684 881 796 932 dedecus
808 881 895 949 armis,

245 949 425 1018 Omnipotens.
454 949 480 1001 N
481 966 515 1001 on
527 949 643 1016 exuvias,
656 949 772 1017 pulsaeve
784 955 914 1019 tropaeum
1038 952 1090 1006 790

246 1016 372 1086 Virginis,
385 1024 433 1070 aut
445 1036 456 1070 s
476 1018 528 1070 olia
539 1018 596 1070 ulla
607 1024 685 1086 peto:
702 1018 769 1070 mihi
782 1025 869 1072 cetera
881 1021 986 1074 laudem

244 1086 328 1140 Facta
339 1088 438 1141 ferent:
456 1036 514 1139 iaec
527 1086 584 1139 dira
594 1104 653 1140 meo
665 1087 729 1139 dum
741 1088 850 1141 vulnere
861 1090 944 1158 pestis

245 1156 327 1209 Pulsa
339 1157 427 1223 cadat,
438 1156 537 1226 patrias
547 1155 668 1209 remeabo
680 1157 808 1224 inglorius
820 1158 921 1212 urbes.'’

244 1226 346 1294 Audiit,
359 1231 386 1278 et
398 1227 454 1279 voti
466 1224 580 1277 Phoebus
593 1225 729 1278 succedere
741 1232 844 1293 partem
909 1283 913 1294 ⁴

244 1294 337 1348 Mente
349 1295 423 1347 dedit
433 1314 440 1360 ;
458 1300 561 1415 partem
572 1295 691 1347 volucres
703 1294 825 1363 dispersit
837 1296 866 1347 in
878 1313 962 1351 auras.

244 1363 378 1418 Sterneret
390 1371 421 1417 ut
433 1382 462 1417 su
480 1365 519 1416 ita
531 1363 666 1416 turbatam
678 1368 762 1415 morte
775 1364 920 1432 Camillam,

245 1433 349 1486 Annuit
361 1435 447 1486 oranti
458 1452 463 1486 :
480 1433 604 1485 reducem
616 1439 648 1485 ut
659 1433 747 1501 patria
758 1433 814 1485 alta
825 1434 935 1502 videret,

245 1502 307 1556 Non
318 1503 392 1555 dedit
402 1522 409 1567 ;
427 1503 507 1571 inque
519 1508 594 1554 notos
607 1520 698 1555 vocem
709 1508 809 1554 vertere
821 1503 948 1572 procelle.

244 1572 323 1640 Ergo,
336 1581 366 1625 ut
377 1573 457 1625 missa
467 1589 548 1624 manu
562 1572 677 1624 sonitum
689 1571 762 1623 dedit
774 1571 851 1624 hasta
862 1590 910 1642 per
921 1590 1007 1638 auras,

245 1642 401 1695 Convertere
413 1642 514 1695 animos
526 1658 597 1693 acres
610 1641 747 1707 oculosque
760 1641 843 1694 tulere
1035 1645 1086 1695 800

245 1711 342 1765 Cuncti
354 1711 387 1764 ad
399 1712 518 1779 reginam
530 1710 624 1762 Volsci.
654 1710 730 1762 Nihil
741 1710 799 1779 ipsa
810 1728 895 1780 neque
907 1729 976 1764 aurae

243 1781 301 1834 Nec
314 1781 415 1834 sonitus
426 1797 531 1846 memor,
544 1784 591 1832 aut
603 1779 733 1831 venientis
745 1780 779 1832 ab
792 1781 888 1834 aethere
900 1782 961 1836 teli:

244 1850 332 1903 Hasta
344 1849 392 1902 sub
404 1856 535 1902 exsertam
546 1849 628 1900 donec
641 1848 743 1917 perlata
754 1851 881 1919 papillam

244 1919 338 1987 Haesit,
351 1919 552 1987 virgineumque
564 1918 617 1969 alte
629 1917 698 1969 bibit
709 1924 769 1970 acta
781 1937 905 1972 cruorem.

244 1990 411 2042 Concurrunt
423 1988 533 2056 trepidae
546 1987 661 2054 comites,
674 1987 859 2056 dominamque
870 1993 989 2040 ruentem

244 2057 406 2127 Suscipiunt.
437 2058 519 2125 Fugit
531 2063 593 2109 ante
605 2073 694 2108 omnes
707 2058 847 2109 exterritus
859 2057 968 2124 Arruns,

244 2127 352 2180 Laetitia
362 2128 499 2195 mixtoque
510 2131 585 2179 metu
595 2144 602 2190 ;
620 2143 668 2178 nec
678 2128 736 2194 jam
747 2126 860 2194 amplius
871 2126 955 2179 hastae

245 2196 361 2262 Credere,
373 2213 422 2248 nec
433 2197 493 2249 telis
506 2212 639 2248 occurrere
646 2195 762 2263 'virginis
775 2195 862 2247 audet.

244 2265 284 2320 Ac
296 2265 371 2318 velut
383 2265 436 2333 illo,
447 2266 522 2335 prius
534 2281 613 2332 quam
625 2265 680 2316 tela
692 2264 800 2316 inimica
811 2267 963 2332 sequantur,

244 2335 375 2388 Continuo
387 2337 415 2386 in
427 2340 529 2387 montes
542 2351 596 2385 sese
608 2334 683 2386 avius
695 2333 798 2386 abdidit
810 2333 884 2400 altos,
1035 2335 1088 2385 810

246 2403 335 2457 Occiso
348 2410 458 2473 pastore,
470 2405 556 2472 lupus,
568 2419 698 2471 magnove
706 2404 827 2470 juvenco,

245 2472 369 2526 Conscius
381 2473 487 2526 audacis
499 2472 572 2539 facti,
585 2472 747 2539 caudamque
759 2471 904 2523 remulcens

244 2541 363 2610 Subjecit
375 2543 539 2611 pavitantem
551 2547 633 2608 utero,
646 2542 776 2608 silvasque
788 2540 897 2607 petivit:

245 2611 327 2664 Haud
340 2629 413 2663 secus
426 2629 459 2663 ex
471 2611 553 2663 oculis
566 2627 592 2662 se
605 2611 728 2663 turbidus
740 2607 852 2662 abstdlit
863 2609 972 2677 Arruns,

245 2681 443 2749 contentusque
455 2681 520 2748 fuga
532 2679 625 2731 mediis
637 2697 665 2732 se
676 2679 820 2731 immiscuit
832 2678 919 2730 armis.

245 2749 299 2804 Illa
310 2766 392 2802 manu
404 2749 516 2802 moriens
528 2748 613 2800 telum
625 2748 725 2802 trahit:
743 2764 802 2800 ossa
813 2747 861 2800 sed
869 2747 944 2799 inter

232 2817 355 2873 'Ferreus
365 2819 399 2872 ad
412 2825 497 2872 costas
508 2817 563 2874 olto
577 2823 632 2875 stet
645 2819 762 2876 uulnere
770 2835 881 2874 mucro.
