2700 3242
266 263 298 321 76
499 261 528 313 Ρ.
545 262 696 314 VIRGILII
715 260 876 313 MARONIS

266 362 362 414 Aridus
372 381 379 425 ς
397 361 502 415 elucent
514 363 581 429 aliae,
594 369 620 415 et
632 364 734 430 fulgore
746 368 883 415 coruscent

266 431 394 483 Ardentes
406 448 470 483 auro
482 438 509 484 et
521 431 627 500 paribus
639 433 689 484 lita
701 450 807 500 corpora
818 433 910 499 guttis.

266 500 332 552 Haec
343 502 428 569 potior
441 501 559 566 suboles;
577 502 639 554 hinc
651 503 710 554 coeli
722 509 838 571 tempore
850 507 920 553 certe
1061 503 1112 554 100

266 568 362 622 Dulcia
373 571 452 622 mella
466 589 566 639 premes
577 590 583 634 ;
601 588 650 623 nee
662 577 768 624 tantum
780 571 875 636 dulcia,
888 580 1018 637 quantum

266 638 302 691 Et
313 639 422 706 liquide,
435 646 462 692 et
475 641 570 692 durum
582 640 681 693 Bacchi
692 641 824 693 domitura
836 657 960 708 saporem

301 708 338 760 At
350 726 433 777 quum
444 710 545 762 incerta
557 710 653 775 volant,
667 710 782 777 coeloque
794 710 916 761 examina
928 709 1033 774 ludunt,

268 777 497 846 Contemnuntque
509 781 588 846 favos,
602 786 628 832 et
639 779 737 844 frigida
749 785 820 831 tecta
830 779 993 847 relinquunt,

268 847 407 900 Instabiles
419 851 519 900 animos
531 849 594 901 ludo
606 848 754 917 prohibebis
766 849 857 901 inani:

267 916 323 969 Nec
335 935 446 985 magnus
458 917 594 986 prohibere
606 916 685 970 labor.
721 919 761 969 Tu
772 917 877 984 regibus
889 918 945 970 ales

267 985 362 1054 Eripe:
381 1004 434 1039 non
445 987 498 1039 illis
511 988 648 1055 quisquam
660 987 846 1039 cunctantibus
859 987 945 1040 ultum

268 1056 311 1108 Ire
323 1057 380 1122 iter,
393 1062 441 1109 aut
453 1057 544 1108 eastris
556 1056 663 1108 audebit
675 1056 771 1108 vellere
783 1057 865 1123 signa.

269 1124 388 1178 Invitent
400 1127 494 1178 croceis
507 1126 627 1179 halantes
639 1125 745 1177 floribus
758 1126 835 1190 horti,

268 1195 303 1246 Et
317 1202 402 1247 custos
414 1196 504 1247 furum
516 1202 596 1263 atque
608 1195 698 1248 avium
710 1213 771 1246 cum
783 1196 850 1247 falco
864 1195 965 1262 saligna
1065 1199 1114 1244 llo

269 1263 475 1332 Hellespontiaci
487 1273 572 1318 servet
584 1266 669 1318 tutela
682 1264 778 1332 Priapi.

269 1333 329 1400 Ipse
341 1335 463 1401 thymum
476 1335 603 1402 pinosque
614 1336 700 1386 ferens
712 1335 744 1385 de
756 1333 889 1385 montibus
901 1333 962 1385 eltis

269 1402 349 1454 Tecta
361 1409 430 1455 serat
442 1404 495 1456 late
507 1405 614 1471 circum,
627 1404 670 1455 cui
682 1403 747 1456 talia
759 1420 829 1454 curae
840 1421 847 1466 ;

270 1470 329 1539 lpse
341 1471 428 1524 labore
439 1491 548 1525 manum
560 1475 625 1526 duro
638 1479 707 1525 terat
717 1491 723 1535 ;
742 1473 797 1541 ipse
809 1473 907 1523 feraces

270 1540 348 1608 Figat
360 1541 441 1594 humo
453 1543 565 1610 plantas,
577 1548 604 1594 et
616 1543 713 1594 amicos
725 1543 816 1608 irriget
827 1541 929 1592 imbres.

304 1611 393 1678 Atque
405 1612 534 1679 equidem,
547 1618 663 1664 extremo
675 1612 705 1663 ni
713 1613 771 1678 jam
783 1611 830 1662 sub
842 1610 895 1662 fine
907 1608 1024 1662 laborum
1099 1618 1104 1627 ·

270 1679 336 1732 Vela
348 1680 459 1746 traham,
472 1688 499 1732 et
511 1682 586 1733 terris
597 1681 720 1732 festinem
732 1681 867 1733 advertere
880 1696 990 1748 proram,

270 1749 391 1801 Forsitan
403 1754 436 1816 et,
449 1750 559 1818 pingues
572 1750 660 1803 hortos
673 1767 731 1817 quae
744 1767 807 1802 cura
819 1749 921 1801 colendi

271 1818 388 1885 Omnmt,
401 1836 528 1886 canerem,
540 1820 667 1887 biferique
679 1820 776 1872 rosaria
788 1819 869 1870 Paesti
879 1837 886 1881 ;

271 1888 380 1955 Quoque
391 1890 468 1941 modo
480 1890 548 1957 potis
561 1890 707 1957 gauderent
718 1889 812 1940 intuba
824 1888 894 1954 rivis,
1066 1889 1116 1937 120

270 1957 306 2009 ut
318 1957 414 2011 virides
426 1958 485 2026 apio
497 1960 569 2026 ripae,
582 1964 718 2026 tortusque
730 1975 777 2026 per
788 1956 896 2009 herbam

271 2026 401 2080 cresceret
413 2028 442 2079 in
454 2034 572 2081 ventrem
585 2028 702 2080 cucumis
713 2046 720 2091 ;
738 2045 786 2078 nec
798 2044 854 2078 sera
866 2033 1013 2077 comantem

270 2095 296 2148 N
297 2096 429 2164 arcissum,
442 2104 490 2149 aut
501 2098 563 2149 flexi
575 2097 716 2150 tacuissem
728 2097 815 2148 vimen
827 2094 942 2160 acanthi,

271 2165 456 2235 Pallentesque
468 2166 583 2226 hederas.
596 2173 624 2218 et
635 2171 754 2218 amantes
766 2165 844 2216 litora
854 2169 960 2231 myrtos.
969 2226 977 2236 ..

271 2235 393 2303 Namque
405 2236 453 2288 sub
466 2236 577 2288 OEbaliae
589 2235 698 2288 memini
709 2252 751 2287 me
763 2233 880 2285 turribus
892 2230 990 2291 arcis*5

273 2304 331 2369 Qua
342 2307 417 2374 niger
428 2306 564 2358 humectat
576 2305 702 2358 flaventia
714 2304 787 2355 culta
799 2303 922 2369 Galaesus,

273 2375 410 2443 Corycium
422 2375 518 2428 vidisse
530 2393 625 2442 senem,
638 2374 682 2425 eui
693 2389 778 2440 pauca
789 2371 875 2424 relicti

272 2444 293 2497 J
293 2462 374 2512 ugera
384 2445 453 2496 ruris
465 2451 540 2498 erant
550 2464 557 2509 ;
575 2462 623 2496 nec
635 2443 730 2495 fertilis
742 2442 788 2493 illa
797 2441 925 2508 juvencis,

272 2514 328 2567 Nec
339 2515 426 2582 pecori
439 2521 587 2583 opportuna
599 2531 670 2580 seges
682 2529 730 2564 nec
743 2511 878 2563 commoda
890 2509 1000 2562 Baccho.

273 2583 327 2635 Hic
338 2601 427 2635 rarum
439 2591 528 2636 tamen
540 2583 569 2636 in
581 2583 667 2636 dumis
679 2582 736 2634 olus
748 2579 859 2646 albaque
871 2579 970 2630 circum
1069 2581 1120 2631 130

274 2652 342 2705 Lilia
353 2653 531 2720 verbenasque
542 2670 662 2722 premens
674 2666 831 2717 vescumque
842 2665 963 2716 papaver,

258 2722 367 2783 Regum
378 2722 507 2788 aequabat
517 2740 581 2793 opes
591 2722 689 2777 animis
701 2739 707 2787 ;
725 2735 834 2789 seraque
844 2723 976 2770 revertens

236 2781 331 2836 Nocte
342 2789 456 2844 domurn
469 2793 591 2864 dapibus
603 2813 713 2851 mensas
725 2790 857 2849 onerabat
868 2786 978 2843 inemt‘n

595 2924 600 2932 .
652 2886 731 2928 *altis
