2700 3242
517 307 684 361 AENEIDOS
702 308 768 360 LIB.
785 307 833 362 XI.
1048 309 1098 359 331

257 405 392 476 Sanguine
402 424 409 472 ;
427 414 490 460 sunt
501 407 555 460 illis
567 425 615 461 sua
627 408 728 489 funem,
739 424 840 489 parque
852 424 899 476 per
910 424 1000 461 omnes

257 475 409 545 Tempestas
419 495 427 541 ;
445 493 492 529 cur
503 478 637 530 indecores
648 477 678 528 in
690 477 781 529 hmine
793 494 878 546 primo

256 543 419 598 Deficimusl
437 563 485 598 cur
496 552 558 599 aute
570 547 662 598 tubam
674 551 771 599 tremor
783 551 896 614 occupat
907 545 1002 599 artusl

257 613 348 667 Multa
359 615 414 667 dies
426 615 545 682 variique
557 615 630 668 labor
642 615 778 668 mutabilis
791 614 842 667 aevi

257 682 362 736 Retulit
373 684 402 735 in
413 684 508 736 melius
518 703 526 748 ;
542 685 640 736 multos
652 685 756 737 alterna
767 684 883 736 revisens

256 751 333 805 Lusit
346 759 373 805 et
384 753 414 805 in
426 752 508 806 solido
519 770 610 805 rursus
622 753 731 806 fortuna
742 753 846 806 locarit.

256 820 283 873 N
283 839 318 874 on
330 822 381 875 erit
392 822 493 874 auxilio
505 821 580 874 nobis
591 822 696 875 AEtolus
708 828 735 874 et
747 822 830 890 Arpi:

255 889 294 943 At
305 891 393 944 Messa
410 908 443 943 us
454 891 512 958 erit,
525 891 643 960 felixque
654 891 816 957 Tolumnius,
829 896 857 943 et
869 908 933 959 quos

255 959 307 1012 not
317 977 369 1029 pop
401 961 407 972 '
420 960 514 1013 misere
526 961 605 1013 duces
616 979 623 1025 ;
640 960 801 1013 nectenda*
814 967 940 1040 sequetur
1047 961 1098 1011 430

256 1028 346 1082 Gloria
357 1029 471 1082 delectos
483 1029 559 1082 Isatio
571 1035 599 1082 et
610 1029 786 1082 Iaurentibus
798 1046 875 1096 agris.

256 1096 307 1150 Est
318 1104 346 1150 et
359 1097 512 1151 Volscorum
525 1099 631 1166 egregia
642 1098 675 1151 de
687 1104 767 1166 geute
780 1097 898 1165 Camilla,

254 1165 359 1234 Agmen
370 1183 451 1234 agens
463 1168 584 1236 equitum
596 1173 623 1220 et
634 1167 756 1220 florentes
768 1184 819 1220 aere
831 1172 957 1219 catervas.

256 1234 332 1297 Quod
344 1235 420 1288 sime
432 1236 517 1288 solum
529 1237 623 1289 Teucri
634 1238 663 1289 in
675 1236 821 1289 certamina
831 1245 950 1303 poscunt,

255 1304 446 1426 ququlacet,
458 1310 616 1373 tantumque
628 1306 703 1358 bonis
715 1303 898 1358 comunibus
910 1303 983 1356 obsto
994 1322 1001 1366 ;

254 1372 315 1426 Non
361 1391 392 1427 eo
403 1373 451 1426 has
464 1391 542 1427 exosa
552 1391 647 1427 manus
658 1375 770 1428 victoria
781 1373 860 1441 fugit,

254 1441 293 1494 Ut
305 1448 382 1495 tanta
393 1442 538 1512 quidquam
550 1461 597 1512 pro
610 1461 655 1512 spe
667 1449 771 1496 tentare
782 1457 907 1495 recusem.

254 1511 302 1564 Ibo
314 1512 409 1565 animis
421 1519 528 1565 contra:
546 1512 588 1565 vel
600 1529 728 1580 magnum
739 1516 845 1580 praestet
854 1509 993 1575 Achillem,

254 1579 388 1649 Rectaque
399 1580 514 1634 Vulcani
525 1581 647 1634 manibus
659 1581 735 1650 paria
746 1580 841 1632 induat
852 1596 926 1631 arma

254 1649 304 1702 Ille
316 1649 385 1703 licet.
415 1649 496 1702 Vobis
507 1650 623 1702 animam
635 1651 705 1703 hanc
717 1666 854 1717 soceroque
866 1648 961 1701 Latino
1044 1650 1098 1700 440

254 1717 359 1770 Turnus
371 1734 426 1785 ego,
440 1718 513 1771 haud
525 1719 575 1771 ulli
587 1725 707 1771 veterum
719 1719 818 1772 virtute
830 1717 967 1784 secundus,

255 1787 361 1840 Devori.
392 1787 482 1839 Solum
493 1787 591 1841 dineas
603 1796 696 1842 vocat:
715 1794 749 1854 et,
761 1793 844 1854 vocet,
856 1804 907 1840 oro.

252 1855 279 1907 N
280 1872 310 1908 ec
321 1855 437 1908 Drances
449 1857 545 1925 potius,
558 1857 612 1909 sire
624 1863 664 1910 est
675 1857 733 1909 haec
744 1857 785 1910 ira
796 1857 910 1920 deorum,

252 1923 341 1977 Morte
352 1925 427 1989 luat;
445 1925 499 1978 sive
512 1931 551 1977 est
563 1927 648 1979 virtus
660 1932 688 1978 et
699 1925 790 1994 gloria,
802 1925 900 1978 tollat.”

288 1993 333 2045 Hli
345 1992 402 2046 haec
414 1993 484 2046 inter
496 2011 523 2046 se
535 1994 622 2047 dubiis
634 1995 666 2047 de
678 1995 756 2047 rebus
768 1994 883 2062 agebant

253 2060 406 2116 Cantantes:
424 2069 510 2115 castra
521 2063 618 2116 AEneas
630 2064 765 2131 aciemque
777 2062 906 2116 movebat.

252 2129 279 2182 N
281 2131 375 2183 unoius
387 2132 490 2198 ingenti
502 2150 549 2201 per
560 2133 634 2200 regia
645 2138 718 2185 tecta
730 2132 849 2184 tumultu

252 2199 321 2252 Ecce
333 2200 396 2267 ruit,
408 2201 511 2268 magnis
530 2218 563 2253 ue
575 2200 667 2253 urbem
679 2201 821 2254 terroribus
833 2199 941 2268 implet:

253 2268 401 2321 Instructos
413 2270 469 2322 acie
482 2218 603 2322 lileriuo
615 2287 632 2322 a
643 2269 753 2322 flumine
765 2270 876 2322 Teucros

253 2336 469 2406 Tyrrhenamque
480 2356 591 2391 manum
602 2339 665 2391 totis
678 2338 833 2394 descendere
845 2337 952 2406 campis.
1046 2335 1097 2387 tec

251 2405 395 2475 Extemplo
407 2407 508 2459 turbati
520 2408 610 2474 animi,
623 2425 799 2476 concussaque
811 2407 887 2474 vulgi

253 2474 371 2542 Pectora,
384 2481 412 2527 et
424 2482 531 2530 arrecta
544 2477 658 2528 stimulis
669 2477 743 2530 haud
754 2474 877 2528 mollibus
888 2474 942 2526 irs‘e.

251 2543 334 2596 Arma
345 2561 428 2596 manu
440 2545 537 2613 trepidi
549 2550 661 2615 poscunt
671 2565 679 2610 ;
696 2547 786 2598 fremit
798 2560 872 2596 arma
879 2545 1007 2611 juventus
1019 2559 1025 2602 ;

251 2611 331 2665 Flent
343 2614 429 2665 maesti
440 2621 612 2683 mussantque
624 2622 720 2683 patres.
751 2614 805 2666 Hic
816 2612 934 2679 undique
946 2611 1045 2663 clamor

251 2680 379 2734 Dissensu
391 2683 463 2735 vario
475 2701 587 2751 magnus
600 2701 626 2736 se
639 2684 711 2736 tollit
723 2683 753 2734 in
764 2696 859 2735 auras:

251 2750 334 2803 Haud
346 2767 419 2803 secus
432 2756 511 2820 atque
523 2752 578 2806 alto
590 2753 620 2805 in
631 2753 693 2807 luco
705 2769 794 2824 quum
800 2751 876 2804 iorte
885 2751 1007 2802 estem

250 2818 391 2872 consedere
400 2820 501 2892 auum,
513 2823 656 2892 piscosove
668 2843 753 2881 amne
762 2822 891 2878 Padusa

638 2915 650 2937 ³
666 2920 738 2962 parua
