2700 3242
254 327 306 380 368
486 321 515 375 Ρ.
528 320 685 375 VIRGILII
701 315 864 373 MARONIS

254 426 316 480 Uno
328 422 478 493 superstitio
490 422 589 492 superis
602 439 660 492 que
672 421 777 475 reddite
788 421 864 474 divis.

254 495 291 548 Et
303 510 374 546 nunc
386 492 449 545 cedo
461 493 590 561 equidem,
603 508 759 560 pugnosque
770 507 850 543 exose
858 489 989 560 relinquo.

255 564 328 617 Illud
340 567 375 629 te,
387 561 463 614 nulle
473 562 525 614 fati
536 561 606 630 quod
618 561 676 629 lege
688 567 802 621 tenetur,

255 632 307 685 Pro
319 632 395 684 Imtio
407 631 528 698 obtestor,
541 648 588 699 pro
600 633 740 698 majestate
752 639 859 682 tuorum
871 645 879 681 τ
1048 630 1101 679 820

256 702 345 766 Quum
353 702 411 768 jem
423 699 560 752 connubiis
571 716 664 768 pacem
675 699 804 765 felicibus,
816 704 879 758 esto.

257 772 426 838 Oomponent,
438 785 521 836 quum
529 770 588 836 jem
599 769 669 836 leges
681 774 709 820 et
720 768 820 820 foedera
827 769 961 835 jungent:

255 838 282 892 N
283 857 297 891 e
310 845 386 891 vetus
398 838 537 905 indigenas
548 855 644 889 nomen
655 843 760 889 mutare
771 837 887 904 Latinos,

256 908 317 962 Neu
329 908 408 959 Troes
419 906 477 958 fieri
485 905 586 974 jubeas,
599 907 762 974 Teucrosque
774 905 880 968 vocari;

256 978 313 1029 Aut
325 992 415 1028 vocem
427 981 530 1027 mutare
542 975 618 1042 viros,
630 982 679 1028 aut
691 981 792 1027 vertere
804 980 896 1028 vester

258 1045 299 1098 Sit
310 1044 426 1112 laertium,
438 1043 492 1095 sint
503 1044 601 1096 Albani
613 1061 660 1112 per
672 1044 768 1096 saecule
779 1060 872 1112 reges3

258 1113 299 1166 Sit
312 1113 430 1165 Romana
475 1118 534 1165 tons
546 1112 617 1165 [telo
628 1114 728 1167 virtute
740 1129 873 1193 propeg03

255 1182 368 1247 Occidit,
380 1130 555 1248 occngritque
567 1182 636 1235 sinos
648 1199 710 1235 cum
721 1198 828 1233 nomine
839 1181 943 1248 Trojo.''

292 1251 345 1303 Olli
357 1249 494 1301 subridens
506 1250 644 1303 hominum
656 1267 797 1318 rerumque
808 1257 943 1317 repertor:

256 1321 272 1350 “
279 1321 315 1372 Et
328 1335 452 1386 germano
464 1318 484 1370 J
484 1319 548 1384 ovis,
558 1319 718 1387 Saturnique
730 1319 814 1371 altere
825 1319 918 1386 proles,
1051 1321 1106 1370 830

260 1384 364 1435 lrerum
375 1388 464 1436 tantos
476 1385 559 1438 volvis
571 1386 620 1438 sub
632 1392 736 1455 pectore
748 1385 865 1438 fluctusl

260 1451 360 1505 Verum
372 1470 429 1520 ege,
441 1460 468 1506 et
480 1453 616 1522 inceptum
628 1456 726 1508 frustra
738 1453 864 1508 submitte
875 1454 1001 1508 fluorem

259 1522 308 1587 Do,
321 1522 391 1590 quod
403 1522 442 1574 vis
452 1541 460 1586 ;
477 1527 504 1575 et
516 1541 559 1576 me
570 1524 708 1593 victusque
720 1523 861 1592 volensque
873 1523 987 1576 remitto.

260 1590 411 1643 Sermonem
422 1591 532 1644 Ausonii
544 1593 661 1660 patrium
673 1610 809 1661 moresque
820 1593 951 1645 teneth
962 1610 969 1655 ;

261 1661 350 1728 thue
362 1666 408 1727 est,
421 1677 516 1713 nomen
528 1662 595 1725 erit;
614 1663 750 1715 commixti
762 1679 868 1730 corpore
880 1667 989 1714 tentum

261 1729 403 1783 Subsident
415 1730 514 1782 Teucri.
544 1731 645 1783 Morem
657 1732 777 1800 ritusque
790 1748 922 1784 sacrorum

260 1799 399 1866 Aminiam,
411 1799 559 1867 sociumque
571 1818 660 1853 omnes
672 1819 726 1853 uno
738 1817 781 1854 ore
793 1801 909 1853 Ictinos.

261 1869 333 1920 Hinc
345 1885 428 1935 genus
441 1868 556 1921 Ausonio
568 1871 684 1922 mixtum
696 1870 766 1938 quod
779 1870 906 1937 sunguine
919 1874 1019 1937 surget,

261 1938 347 2005 Supra
358 1937 484 2005 homines,
497 1956 576 2006 supro
587 1940 625 1991 ire
637 1940 699 1991 deos
711 1940 811 2007 pietate
822 1938 938 2002 videbis;

261 2007 287 2059 N
288 2025 317 2059 ec
329 2024 393 2073 gens
404 2007 460 2058 ullo
471 2013 530 2060 tuos
542 2026 615 2075 oeque
628 2009 770 2061 celebrabit
782 2008 910 2060 honores.”
1054 2011 1107 2058 840

261 2075 365 2127 Annuit
376 2075 418 2127 his
431 2077 450 2128 J
453 2094 511 2145 uno,
524 2083 551 2129 et
563 2084 680 2129 mentem
691 2078 782 2130 laetata
794 2077 906 2130 retorsit.

262 2145 368 2196 Interea
380 2146 484 2197 excedit
496 2147 566 2212 coelo,
580 2147 728 2214 nubemque
738 2146 852 2214 reliquit.

297 2213 347 2264 His
360 2214 433 2280 uotis,
446 2215 518 2266 eliud
532 2217 640 2268 Genitor
651 2233 740 2267 secum
752 2217 808 2284 ipse
820 2216 931 2280 volutat,

261 2281 282 2334 J
283 2288 459 2351 uturnamque
472 2291 548 2351 parat
560 2284 649 2336 fratris
661 2285 795 2336 dimittere
807 2285 841 2335 ab
853 2284 940 2336 ermis.

261 2350 395 2403 Dicuntur
407 2353 519 2418 geminae
532 2362 617 2421 pestes
630 2354 784 2421 cognomine
797 2353 876 2419 Dirce,

264 2420 334 2483 Quas
347 2425 373 2471 et
385 2420 537 2474 Tartareum
549 2424 574 2475 N
575 2441 609 2474 ox
621 2423 781 2491 intempesta
792 2423 936 2490 Megaeram

263 2486 322 2540 Uno
334 2490 476 2558 eodemque
488 2492 552 2543 tulit
564 2498 650 2560 portu,
663 2493 823 2560 paribusque
835 2491 953 2543 revinxit

263 2557 420 2626 Serpentum
433 2561 516 2626 spiris,
529 2568 702 2629 ventosasque
714 2562 818 2613 addidit
830 2562 892 2613 alas.

260 2626 313 2679 Hae
325 2627 401 2680 iovis
414 2629 448 2679 ad
461 2630 562 2697 solium,
575 2632 689 2699 saevique
701 2632 729 2682 iu
741 2631 832 2682 limine
844 2631 920 2697 regis,

254 2703 405 2772 Apparere,
420 2706 576 2772 acuuntque
586 2707 691 2753 metum
697 2700 850 2752 mortulibus
863 2699 945 2765 egris,
1059 2701 1111 2751 850

242 2775 276 2830 Si
288 2776 407 2847 quando
422 2776 516 2832 letum
525 2773 688 2831 berritem
695 2769 851 2833 morbosque
860 2767 940 2815 deum
944 2782 997 2813 rer.

233 2844 371 2928 Molitur,
387 2853 514 2908 meritas
529 2855 580 2905 out
590 2845 667 2900 bello
679 2834 891 2893 temitoturbes.
