2700 3242
511 317 679 371 AENEIDOS
696 318 763 372 ΙιΙΒ.
781 318 833 372 111.
1041 311 1090 368 151

247 421 315 473 Cum
328 419 394 472 fletu
407 419 579 488 precibusque
590 419 671 472 tulit:
692 419 757 472 ‘Per
768 421 854 473 sidera
865 424 954 483 testor,

248 490 301 542 Per
314 507 428 558 superos,
440 494 521 557 atque
533 489 582 540 hoc
595 488 654 540 coeli
665 488 789 557 spirabile
801 488 909 539 lumen:
1043 488 1094 538 600

247 559 345 611 Tollite
357 576 407 620 me,
419 557 513 610 'leucri
523 576 530 620 ;
549 574 726 625 quascumque
738 557 861 608 abducite
873 564 955 608 terras
965 575 973 620 5

251 629 307 680 Hoc
320 635 362 680 sat
375 628 432 680 erit.
462 627 521 680 Scio
533 644 575 678 me
586 626 686 679 Danais
698 644 713 678 e
725 625 851 677 classibus
864 643 955 691 unum,

249 697 286 749 Et
297 697 366 749 bello
380 697 474 748 Iliacos
485 697 571 748 fateor
582 696 688 763 petiisse
700 700 816 763 penates.

250 766 301 818 Pro
314 783 374 835 quo,
387 766 409 817 si
421 766 523 817 sceleris
536 771 612 817 tanta
625 770 664 816 est
676 765 775 832 injuria
786 764 876 830 nostri,

249 836 372 904 Spargite
384 852 426 886 me
438 836 467 887 in
479 834 582 900 fluctus,
595 840 721 902 vastoque
733 834 880 900 immergite
892 837 980 900 ponto.

249 906 279 957 si
291 922 376 973 pereo,
388 905 525 956 hominum
537 904 658 955 manibus
670 903 776 971 periisse
785 902 910 970 juvabit)

249 974 363 1026 Dixerat
374 994 380 1036 ;
398 980 426 1025 et
437 991 524 1042 genua
536 973 674 1040 amplexus
687 972 848 1039 genibusque
860 974 983 1021 volutans

251 1042 384 1095 Haerebat.
415 1042 467 1106 Qui
480 1043 521 1106 sit,
534 1043 592 1108 fari,
605 1059 657 1109 quo
669 1042 798 1108 sanguine
811 1045 905 1104 cretus,

251 1112 411 1176 Hortamur;
429 1128 486 1180 quae
499 1111 593 1163 deinde
605 1111 690 1178 agitet
702 1111 816 1174 fortuna,
829 1109 914 1160 fateri.

251 1181 312 1249 Ipse
324 1186 401 1249 pater
412 1180 533 1233 dextram
545 1180 679 1246 Anchises,
691 1179 764 1231 haud
776 1178 862 1229 multo
874 1182 997 1241 moratus,
1045 1178 1097 1228 610

250 1249 306 1302 Dat
321 1251 416 1316 uveni,
429 1257 509 1318 atque
521 1251 640 1301 animum
652 1248 775 1316 praesenti
788 1247 896 1315 pignore
908 1246 1004 1297 firmat.

251 1319 302 1372 Ille
314 1268 380 1386 baec,
393 1320 512 1397 deposita
525 1319 632 1371 tandem
643 1316 791 1380 formidine,
804 1317 893 1366 fatur:

279 1386 295 1414 “
309 1386 390 1439 ‘Sum
421 1391 490 1438 etna
501 1403 535 1437 cx
547 1385 649 1449 Ithaca,
662 1398 747 1434 eomes
758 1380 871 1432 infelicis
887 1379 966 1444 Ulixi,

249 1447 354 1500 Nomen
366 1404 563 1517 Acbemenides,
576 1451 680 1517 Trojam
692 1450 810 1518 genitore
822 1448 965 1500 Adamasto

249 1516 371 1586 Paupere
380 1518 585 1638 §mansissetque
597 1520 701 1570 utinam
713 1519 820 1571 fortuna
831 1519 850 1584 l)
864 1517 1002 1585 profectus.

250 1585 304 1638 Hie
315 1604 366 1653 me,
399 1605 445 1639 um
456 1588 555 1656 trepidi
567 1588 683 1640 crudelia
695 1587 788 1638 limina
799 1588 933 1654 linquunt,

249 1653 419 1709 Immemores
432 1658 494 1708 socii
507 1663 580 1710 vasto
593 1656 713 1724 Cyclopis
726 1657 754 1707 in
766 1662 842 1708 antro

249 1723 401 1778 Deseruere.
426 1725 525 1778 Domus
538 1726 610 1778 sanie
622 1725 785 1793 dapibusque
797 1725 921 1791 cruentis,

251 1792 329 1846 Intus
341 1811 430 1862 opaca,
443 1795 543 1863 ingens.
574 1795 634 1863 Ipse
646 1795 753 1860 arduus,
766 1794 872 1861 altaque
885 1794 974 1862 pulsat

250 1861 351 1930 Sidera,
365 1864 419 1932 (Di,
431 1865 513 1916 talem
524 1865 601 1917 terris
613 1864 724 1916 avertite
737 1869 837 1931 pestem
845 1867 864 1930 l)
1044 1867 1096 1916 620

249 1930 277 1983 N
276 1949 307 1984 ec
318 1933 378 1985 visu
389 1933 482 2000 facilis,
494 1951 543 1986 nec
555 1934 630 1985 dictu
642 1933 754 1985 affabilis
766 1933 823 1984 ulli.

249 2000 402 2054 Visceribus
413 2003 566 2056 miserorum
579 2009 606 2055 et
618 2002 747 2070 sanguine
759 2003 874 2054 vescitur
886 2007 950 2053 atro.

250 2069 315 2122 Vidi
327 2076 437 2138 egomet,
450 2072 503 2125 duo
516 2073 548 2124 de
560 2089 668 2124 numero
681 2088 763 2140 quum
776 2088 884 2139 corpora
895 2077 984 2122 nostro

249 2138 350 2193 Prensa
361 2158 443 2192 manu
455 2158 552 2209 magna
564 2141 650 2194 medio
661 2140 801 2208 resupinus
813 2142 842 2192 in
854 2146 931 2193 antro

249 2208 397 2277 Frangeret
408 2211 442 2262 ad
455 2228 556 2278 saxum,
570 2210 694 2278 sanieque
706 2227 828 2278 exspersa
840 2213 964 2261 natarent

250 2277 374 2343 Limina;
392 2280 448 2332 vidi
460 2285 518 2332 atro
531 2298 614 2348 quum
624 2278 743 2331 membra
754 2279 865 2330 fluentia
877 2278 938 2330 tabo

250 2347 398 2415 Manderet‚
410 2355 438 2401 et
450 2349 533 2418 tepidi
546 2355 688 2401 tremerent
700 2348 748 2399 sub
761 2347 885 2400 dentibus
897 2352 977 2398 artus.

251 2417 333 2469 Haud
345 2419 454 2486 impune
466 2419 573 2487 quidem
583 2437 590 2482 ;
608 2436 656 2470 neo
669 2417 735 2470 talia
746 2434 838 2484 passus
851 2417 950 2482 Ulixes,

251 2485 389 2540 Oblitusve
401 2487 442 2539 sui
454 2494 495 2540 est
507 2487 615 2540 Ithacus
628 2486 779 2539 discrimine
791 2492 873 2538 tante.

249 2555 320 2608 Nam
332 2556 418 2623 simul,
428 2557 550 2625 expletus
562 2557 674 2625 dapibus
686 2555 799 2623 vinoque
811 2554 937 2622 sepultus,
1042 2557 1095 2607 630

251 2625 386 2678 Cervicem
396 2626 522 2678 inflexam
534 2627 631 2694 posuit,
640 2625 779 2694 jacuitque
791 2642 837 2692 per
849 2630 957 2675 antrum

250 2693 406 2761 Immensus,
419 2696 519 2748 saniem
531 2701 653 2747 eructans
665 2711 697 2746 ac
708 2694 794 2745 frusta
806 2699 916 2746 cruente

250 2764 301 2818 Per
312 2782 431 2817 somnum
444 2765 588 2822 commixta
599 2784 674 2822 mero
685 2785 693 2834 ;
710 2784 770 2838 nos,
780 2783 889 2838 magna
897 2762 1010 2838 precati

240 2833 363 2896 Numina,
375 2833 518 2903 sortitique
531 2838 613 2912 vices,
627 2859 688 2899 uua
700 2842 835 2915 undique
846 2840 964 2899 dueum
