2700 3242
277 266 293 321 ὓ
506 267 535 320 Ρ.
549 264 704 319 VIRGILII
723 263 884 316 MARONIS

272 369 308 422 Et
320 386 397 421 sucus
409 369 496 437 pecori
509 374 536 421 ct
547 369 589 420 inc
602 366 758 419 subducitur
769 369 851 434 agnis,

294 440 368 491 ΒΑΜ.
387 438 495 491 Parcius
507 439 559 490 iste
571 438 632 490 viris
645 445 733 489 tumen
746 436 893 504 objicienda
904 442 1043 488 memento.

272 507 400 560 Novimus
412 508 497 576 etqui
509 513 543 574 te,
555 513 704 559 transverse
716 505 852 559 tuentibus
863 506 950 573 hircis,

273 576 308 629 Et
320 594 379 645 quo,
392 577 437 629 sed
449 576 538 628 faciles
551 576 683 644 Nymphae
694 576 780 642 risere,
794 576 894 627 sacello.

296 646 371 699 Mers.
389 647 465 711 Tum,
474 645 557 712 credo,
567 662 650 713 quum
661 662 704 696 me
716 644 853 697 arbustum
860 644 948 697 videre
956 643 1067 694 Miconis
1085 646 1118 693 10

274 715 361 784 Atque
373 715 444 767 mule
456 716 522 766 vites
534 715 648 766 incidere
660 714 728 766 falce
740 713 863 766 novellus.

296 785 371 837 Dru.
389 783 445 837 Aut
456 784 500 835 hic
512 783 546 836 ad
558 789 657 836 veteres
669 783 743 851 fagos
752 800 835 850 quum
847 781 996 851 Daphnidis
1008 797 1097 834 arcum

274 852 387 921 Fregisti
399 859 426 905 et
438 853 568 917 celum0s;
586 869 645 920 quse
657 857 698 918 tu,
710 869 830 920 perverse
841 851 971 917 Menalca,

274 921 317 990 Et,
330 940 413 991 quum
424 921 515 974 vidisti
527 939 607 990 puero
620 922 725 987 donata,
738 920 849 988 dolebas,

275 991 319 1058 Ee,
332 992 353 1043 si
365 1009 419 1043 non
431 991 520 1058 ulique
531 991 670 1056 nocuisses,
681 996 801 1042 mortuus
813 1007 887 1043 esses.

298 1061 372 1113 Mus.
391 1060 461 1124 Quid
473 1060 572 1111 domini
584 1060 692 1127 facient,
705 1060 805 1112 sudent
816 1076 899 1127 quum
912 1059 977 1112 teliu
989 1060 1077 1112 sures!

275 1129 335 1182 Non
348 1146 395 1197 ego
407 1135 435 1182 te
447 1129 501 1182 vidi
513 1129 646 1196 Damonis,
659 1130 777 1198 pessime,
790 1145 899 1196 caprum

275 1198 403 1266 Excipere
415 1198 524 1265 insidiis,
536 1199 653 1251 multum
665 1199 781 1251 latrante
792 1196 920 1266 Lycisca?

275 1262 312 1315 Et
324 1282 407 1333 quum
419 1266 575 1320 clamarem:
593 1268 608 1296 ‘⁴
616 1267 676 1328 Quo
687 1285 759 1320 nunc
771 1284 798 1319 se
809 1266 920 1335 proripio
932 1265 996 1319 illei

275 1330 373 1400 Tityre,
386 1352 449 1402 coge
461 1335 564 1403 pecus,”
577 1341 607 1388 tu
639 1343 681 1390 ost
691 1343 794 1390 carecta
804 1335 911 1388 lutebas
1082 1339 1116 1388 20

299 1400 373 1452 ΒΑΜ.
391 1400 434 1452 An
446 1402 513 1453 mihi
525 1355 655 1457 centense
667 1406 761 1472 victus,
773 1423 826 1457 non
837 1406 958 1458 redderet
970 1405 1021 1470 ille,

277 1467 361 1531 Quem
372 1486 431 1522 mee
443 1471 602 1523 carminibus
613 1474 752 1525 meruisset
763 1473 860 1540 fistula,
873 1474 1001 1542 caprum?

276 1536 306 1590 si
317 1537 409 1604 nescis,
420 1555 495 1590 meus
507 1539 552 1591 ille
564 1557 642 1660 ceper
653 1542 724 1604 fuit3
742 1548 770 1594 et
781 1543 847 1593 mihi
859 1542 963 1594 Damon

277 1605 338 1676 Ipse
349 1605 491 1675 fatebatur,
504 1608 549 1660 sed
560 1627 589 1660 re
608 1610 668 1662 dere
681 1628 754 1679 posse
766 1610 886 1677 negabat.

300 1675 375 1729 ΜΕΝ.
394 1676 529 1730 Contendo
541 1683 573 1730 tu
584 1678 681 1733 illum?
699 1685 747 1731 eut
759 1697 877 1748 unquam
888 1679 938 1733 tibi
949 1679 1039 1733 fistule
1051 1696 1110 1732 eeiu

277 1743 298 1798 J
298 1752 379 1798 uncte
390 1745 463 1801 fuit-2
481 1763 535 1798 non
547 1751 578 1799 tu
589 1748 618 1799 in
631 1749 725 1816 triviis,
737 1749 849 1816 indocte,
862 1748 961 1802 solebas

277 1813 406 1868 stridenti
417 1815 542 1868 miserum
555 1817 653 1885 stipula
665 1818 813 1885 disperdere
825 1835 929 1870 carmen
939 1818 949 1870 2

300 1884 374 1938 Dru.
393 1883 440 1938 Vis
452 1902 514 1952 ergo
525 1886 595 1938 inber
607 1904 660 1953 nos,
673 1888 737 1955 quid
750 1888 832 1956 possit
843 1894 961 1956 uterque,
972 1885 1088 1939 vicissim

277 1953 472 2023 Experiamuri
490 1971 538 2021 ego
550 1955 618 2008 hanc
631 1957 744 2008 vitulam
757 1957 802 2026 (ne
813 1957 881 2008 forte
892 1973 1002 2024 recuses,

278 2022 325 2075 Bis
337 2023 410 2076 venit
422 2023 456 2075 ed
468 2023 615 2090 mulctrum,
628 2025 703 2078 binos
714 2027 764 2079 elit
776 2025 855 2078 ubere
867 2026 949 2094 fetus)
1089 2028 1123 2076 :30

278 2091 318 2145 De
352 2109 387 2146 no
397 2111 403 2156 ;
422 2099 452 2144 tn
465 2092 515 2160 die,
527 2111 631 2146 mecum
642 2112 695 2163 quo
706 2097 815 2164 pignore
827 2102 916 2148 certes,

333 2178 377 2214 nn.
395 2161 435 2214 De
447 2179 525 2231 grege
537 2180 590 2215 non
602 2165 688 2215 ausim
699 2166 845 2234 quidquem
856 2166 984 2234 deponere
996 2170 1085 2217 tecum
1095 2183 1102 2226 3

279 2228 328 2283 Est
339 2231 405 2282 mihi
417 2248 530 2300 numque
542 2233 613 2285 domi
625 2239 708 2302 puber,
721 2241 760 2288 est
771 2234 872 2301 injusta
883 2252 1012 2298 noverca5

280 2299 377 2369 Bisque
388 2301 430 2352 die
442 2309 583 2355 numerant
595 2303 671 2355 umbo
685 2321 771 2372 pecus,
783 2304 851 2357 ulter
862 2310 890 2357 et
901 2305 997 2358 hoedos.

280 2367 386 2437 Verum,
398 2370 426 2422 id
439 2371 508 2439 quod
520 2372 604 2424 multo
617 2378 675 2425 tute
687 2375 743 2443 ipse
755 2372 870 2426 fatebere
881 2376 975 2442 majus,

281 2437 401 2490 Insanire
413 2439 478 2492 libet
489 2443 613 2508 quoniam
625 2442 683 2511 tibi,
695 2444 790 2513 pocula
801 2460 898 2513 ponem

280 2506 390 2575 sagina,
402 2509 526 2562 coelatum
538 2512 623 2563 divini
635 2530 701 2580 opus
712 2513 910 2579 Alcimedontis,

281 2576 365 2630 Irente
377 2577 471 2645 quibus
483 2585 559 2633 torno
571 2581 644 2633 facili
657 2583 827 2651 superaddita
838 2582 901 2633 vitis

275 2645 395 2699 Diffusos
408 2649 504 2701 hedera
516 2651 596 2702 vestit
609 2651 724 2718 pallente
737 2650 878 2718 corymbos.

256 2707 399 2791 svqurjo
411 2717 564 2787 dnosr'gnn,
580 2719 678 2789 Conon,
693 2721 793 2792 etquis
805 2719 947 2788 fuiteiber,
1091 2721 1125 2768 40

232 2763 488 2838 Bfflwpsrmdro
502 2793 596 2844 totum
610 2793 660 2865 qui
670 2793 807 2865 gentibus
819 2791 920 2861 orbem,
