2700 3242
526 307 692 362 AENEIDOS
710 308 775 362 LIB.
795 308 832 362 11.
1043 314 1095 368 133

257 405 312 460 Illic
322 424 366 460 res
377 407 448 461 laetae
461 424 624 475 regnumque
637 416 664 460 et
675 413 749 474 regis
761 417 857 475 conjux

256 475 332 530 Parta
344 477 414 540 tibi;
432 478 556 530 lacrimas
568 478 669 530 dilecta
716 479 751 530 lle
763 478 873 530 Creiisae

255 545 310 598 Non
323 563 374 614 ego
385 546 587 614 Myrmidonum
599 547 671 599 sedes
725 547 847 615 lupumve
859 547 983 616 superbas

254 615 397 684 Aspiciam,
409 622 458 668 aut
471 616 556 669 Graiis
568 617 695 668 servitum
706 616 836 668 matribus
847 616 897 682 ibo,

253 682 391 751 Dardanis,
404 690 432 737 et
444 684 512 736 dirae
524 685 633 737 Veneris
644 702 744 738 nurus:

253 752 301 806 Sed
312 770 357 805 me
369 770 469 821 magna
481 752 560 805 deirm
572 754 694 822 genetrix
706 754 748 806 his
760 753 862 805 detinet
874 754 932 806 oris

252 821 368 890 Jamque
380 822 448 890 vale,
460 829 488 874 et
499 823 557 874 nati
569 840 643 874 serva
655 823 800 875 communis
813 819 943 876 amorem!

254 890 319 943 Hssc
330 890 380 943 ubi
389 891 463 943 dicta
476 891 557 957 dedit,
568 891 748 943 lacrimantem
760 899 787 944 et
800 893 885 946 multa
896 894 1027 949 volentem
1040 898 1091 951 790

252 958 344 1013 Dicere
358 959 481 1022 deseruit,
493 966 636 1027 tenuesque
648 961 754 1012 recessit
766 961 794 1011 in
807 978 892 1014 auras.

253 1028 301 1082 Ter
312 1035 425 1082 conatus
436 1029 475 1081 ibi
487 1029 553 1081 collo
566 1029 627 1080 dere
639 1029 747 1080 brachia
759 1029 857 1080 circum
868 1045 876 1090 ;

253 1098 301 1151 Ter
310 1099 414 1151 frustra
425 1115 577 1168 comprensa
587 1115 682 1149 manus
694 1097 787 1163 effugit
800 1097 893 1163 imago,

253 1167 303 1220 Par
313 1167 419 1220 levibus
430 1168 523 1233 ventis,
536 1167 687 1234 volucrique
699 1166 833 1218 simillima
845 1182 941 1217 somno.

251 1235 293 1289 Sic
304 1236 416 1290 demum
427 1236 508 1289 socios
520 1242 657 1288 consumta
669 1240 746 1287 nocte
756 1234 847 1287 reviso.

283 1304 299 1330 ‘⁴
306 1302 400 1369 Atque
411 1303 455 1354 hic
467 1303 603 1371 ingentem
615 1303 742 1354 comitum
754 1303 887 1355 affluxisse
901 1318 1030 1355 nouorum

251 1372 364 1425 Invenio
375 1371 508 1424 admirans
520 1387 667 1436 numerum,
679 1376 835 1437 matresque,
846 1369 974 1438 virosque,

252 1441 397 1494 Collectam
408 1441 500 1493 exsilio
511 1439 614 1509 pubem,
626 1438 773 1491 miserabile
784 1439 887 1506 vulgus.

251 1511 377 1579 Undique
388 1527 538 1576 conuenere,
551 1509 645 1562 animis
658 1508 802 1577 opibusque
813 1507 908 1576 parati,

253 1581 286 1633 ln
298 1596 478 1649 quascumque
491 1579 675 1646 velimpelagc
689 1577 817 1629 deducere
828 1583 917 1630 terras.
1042 1581 1094 1630 800

354 1649 450 1718 ejugis
462 1665 570 1700 summae
582 1647 707 1715 surgebat
718 1647 823 1699 Lucifer
835 1646 896 1713 Idae,

251 1649 425 1787 bblblsibuatque
437 1718 507 1770 diem
517 1736 524 1781 ;
542 1716 681 1785 Danaique
693 1715 794 1768 obsessa
806 1716 931 1768 tenebant

251 1787 357 1840 Limina
369 1793 522 1856 portarum
539 1803 588 1838 nec
600 1803 658 1854 spes
670 1785 727 1854 opis
738 1785 795 1836 ulla
807 1784 926 1838 dabatur.

250 1856 329 1924 (lessi,
342 1861 369 1910 et
381 1856 484 1910 sublate
496 1861 613 1909 montem
624 1855 743 1924 genitore
754 1854 844 1924 petivi.
