2700 3242
515 299 682 355 AENEIDOS
699 301 767 355 ΗΒ.
784 300 817 355 Χ.
1040 304 1095 356 316·

249 402 385 459 Sternitur
395 401 490 455 infelix
501 401 587 456 alieno
599 402 715 469 vulnere,
728 402 874 471 coelumqns

250 472 362 541 Aspicit,
375 478 402 525 et
414 472 503 525 dulces
515 472 628 524 moriens
639 473 817 524 reminiscitur
829 473 920 540 Argos.

251 541 320 594 llum
332 542 393 611 pius
403 541 502 594 AEneas
513 541 617 594 hastam
626 541 694 608 jacit
706 559 712 595 :
730 541 778 594 illa
789 558 836 610 per
847 540 936 593 orbem

250 609 314 663 AEre
326 627 420 663 cavum
432 610 538 680 triplici,
550 628 597 679 per
608 610 680 663 linea
690 615 773 677 terga,
784 610 922 678 tribusque

250 679 367 732 Transiit
378 680 513 732 intextum
524 680 608 732 tauris
620 697 693 748 opus,
705 681 812 748 imaque
824 680 892 732 sedit

251 748 368 816 Inguina
378 767 386 813 3
404 749 449 801 sed
461 750 529 801 vires
541 749 614 800 haud
626 748 744 817 pertulit,
781 749 860 802 Ocius
872 765 961 802 ensem

249 817 357 885 AEneas,
369 818 424 871 viso
436 817 565 886 'l'yrrheni
577 819 705 885 sanguine
717 819 800 886 latus,

249 886 339 956 Eripit
350 905 367 939 a
377 887 481 953 femine,
494 893 522 939 et
533 887 679 956 trepidanti
691 887 809 940 fervidus
820 886 911 943 instat.

250 956 387 1023 Ingemuit
398 956 452 1008 cari
463 956 581 1024 graviter
591 956 718 1023 genitoris
730 974 825 1026 amore,

250 1025 289 1078 Ut
300 1025 376 1092 vidit,
389 1025 489 1078 lausus
501 1043 508 1090 ;
526 1025 692 1094 lacrimaeque
703 1043 750 1095 per
761 1043 806 1079 ora
818 1027 925 1081 voluta.
1042 1027 1093 1083 790

249 1093 303 1146 Hic
315 1095 406 1147 mortis
419 1094 491 1147 durae
503 1111 593 1147 casum
605 1100 704 1163 tuaque
716 1096 816 1164 optima
827 1096 907 1164 facta,

249 1163 278 1216 Si
292 1181 344 1231 qua
355 1163 434 1216 fidem
446 1169 521 1216 tanto
533 1170 574 1216 est
585 1164 657 1232 operi
669 1164 757 1217 latura
768 1172 894 1233 vetustas,

248 1233 275 1284 N
276 1249 310 1284 on
322 1233 450 1300 equidem,
463 1250 511 1285 nec
523 1239 557 1299 te,
567 1234 673 1300 juvenis
685 1235 860 1301 memorande,
873 1234 961 1290 silebo.

249 1301 300 1354 ille
364 1319 405 1354 em
417 1302 538 1368 referens,
551 1309 578 1354 et
589 1303 701 1369 inutilis,
713 1303 794 1370 inque
806 1303 905 1371 ligatus

249 1371 318 1424 cede
336 1377 371 1436 at,
384 1371 519 1441 clipeoque
532 1371 666 1423 inimicum
681 1371 776 1424 hastile
786 1372 915 1426 trahebat.

248 1439 374 1509 Prorupit
382 1441 497 1509 juvenis,
510 1457 617 1508 seseque
629 1442 774 1497 immiscuit
786 1443 867 1496 armis
882 1461 889 1506 ;

248 1510 265 1563 J
269 1526 365 1578 amque
377 1510 537 1578 assurgentis
549 1509 644 1562 dextra
656 1514 814 1578 plagamque
826 1511 935 1564 ferentis

248 1579 340 1631 AEnese
352 1578 434 1631 subiit
445 1596 604 1646 mucronem,
616 1579 755 1647 ipsumque
766 1581 891 1632 morando

248 1647 383 1701 Sustinuit
395 1666 402 1712 ;
420 1648 482 1700 socii
494 1664 590 1715 magno
602 1649 714 1700 clamore
727 1654 881 1718 sequuntur,

247 1717 320 1770 Dum
332 1717 435 1784 genitor
446 1717 504 1769 nati
516 1734 608 1787 parma
619 1720 753 1785 protectus
765 1718 850 1771 abiret
862 1738 869 1783 ;
1042 1722 1094 1773 800

247 1785 363 1854 Telaque
375 1786 528 1853 conjiciunt,
541 1785 750 1854 proturbantque
762 1788 864 1840 eminus
876 1789 978 1841 hostem

247 1854 400 1909 Missilibus.
436 1855 514 1907 Furit
526 1855 630 1922 AEneas,
644 1861 782 1925 tectusque
795 1863 869 1910 tenet
881 1875 916 1912 se.

247 1926 288 1978 Ac
299 1929 380 1992 velut,
393 1924 476 1978 effusa
488 1924 509 1976 si
522 1925 627 1992 quando
639 1925 768 1992 grandine
779 1926 865 1978 nimbi

247 1994 428 2063 Praecipitant,
441 1993 525 2046 omnis
537 1993 636 2062 campis
648 1993 757 2062 diffugit
767 2001 863 2063 arator,

247 2063 340 2117 Omnis
352 2069 379 2116 et
391 2062 515 2131 agricola,
524 2069 551 2115 et
563 2069 624 2115 tuta
635 2063 702 2115 latet
714 2080 773 2116 arce
785 2064 871 2116 viator

246 2133 304 2185 Aut
316 2133 401 2185 amnis
413 2132 478 2201 ripis
491 2139 538 2184 aut
547 2132 596 2184 alti
605 2132 704 2184 fornice
716 2132 781 2199 saxi,

246 2202 319 2255 Dum
331 2202 401 2271 pluit
413 2202 442 2253 in
454 2201 546 2265 terris;
563 2207 595 2253 ut
607 2201 715 2270 possint,
728 2202 780 2254 sols
791 2202 908 2271 reducto,

197 2323 200 2335 ,
246 2270 376 2324 Exercere
388 2271 472 2323 diem:
491 2271 528 2322 sic
541 2270 650 2323 obrutus
662 2270 780 2339 undique
792 2271 853 2323 telis

246 2341 344 2393 AEneas
355 2340 453 2392 nubem
465 2339 536 2406 belli,
548 2340 613 2391 dum
625 2341 740 2406 detonet,
752 2357 856 2392 omnem

246 2409 373 2475 Sustinet,
386 2414 414 2461 et
426 2409 542 2461 Lausum
554 2408 704 2477 increpitat,
716 2409 852 2478 lausoqus
864 2409 1000 2465 minatur:
1042 2412 1093 2465 810

246 2479 262 2509 “
274 2479 332 2543 Quo
344 2480 470 2531 moriture
481 2478 542 2543 ruis,
555 2479 706 2546 majoraque
717 2477 816 2530 viribus
828 2478 929 2530 audesi

244 2548 327 2601 Fallit
339 2554 366 2600 te
378 2548 516 2600 incautum
527 2547 613 2614 pietas
626 2548 697 2600 tua.”
732 2547 757 2598 N
758 2563 787 2598 ec
799 2548 887 2598 minus
899 2547 945 2600 ille

245 2617 372 2669 Exsultat
384 2617 491 2668 demens
503 2633 509 2668 :
528 2633 603 2668 saevae
612 2618 721 2684 jamque
733 2616 814 2668 altius
826 2615 872 2666 irae

244 2685 380 2738 Dardanio
392 2690 506 2753 surgunt
517 2685 628 2752 ductori,
641 2695 812 2753 extremaque
824 2684 910 2736 Iauso

245 2754 336 2808 Parca
347 2754 393 2806 fila
404 2754 498 2822 legunt
509 2771 516 2807 :
534 2754 655 2809 validum
665 2771 785 2828 namque
796 2753 889 2824 cingit
898 2767 997 2806 ensem

237 2823 295 2875 Per
301 2823 418 2876 medium
430 2823 530 2879 AEneas
536 2827 684 2896 Juvenem,
694 2834 850 2900 totumque
857 2819 1015 2879 recanduit
