<?xml version="1.0" encoding="UTF-8"?>
<!DOCTYPE html PUBLIC "-//W3C//DTD XHTML 1.0 Transitional//EN"
    "http://www.w3.org/TR/xhtml1/DTD/xhtml1-transitional.dtd">
<html xmlns="http://www.w3.org/1999/xhtml" xml:lang="en" lang="en">
 <head>
  <title>
</title>
<meta http-equiv="Content-Type" content="text/html;charset=utf-8" />
  <meta name='ocr-system' content='tesseract 3.04.00' />
  <meta name='ocr-capabilities' content='ocr_page ocr_carea ocr_par ocr_line ocrx_word'/>
</head>
<body>
  <div class='ocr_page' id='page_1' title='image "./operaomnia00virggoog/operaomnia00virggoog_0288.png"; bbox 0 0 2700 3242; ppageno 0'>
   <div class='ocr_carea' id='block_1_1' title="bbox 274 297 890 354">
    <p class='ocr_par' dir='ltr' id='par_1_1' title="bbox 274 297 890 354">
     <span class='ocr_line' id='line_1_1' title="bbox 274 297 890 354; baseline -0.005 0"><span class='ocrx_word' id='word_1_1' title='bbox 274 303 326 354; x_wconf 79' lang='lat'>284</span> <span class='ocrx_word' id='word_1_2' title='bbox 507 298 535 353; x_wconf 91' lang='lat' dir='ltr'>P.</span> <span class='ocrx_word' id='word_1_3' title='bbox 555 297 708 352; x_wconf 84' lang='lat' dir='ltr'>VIRGILII</span> <span class='ocrx_word' id='word_1_4' title='bbox 728 297 890 351; x_wconf 83' lang='lat' dir='ltr'>MARONIS</span> 
     </span>
    </p>
   </div>
   <div class='ocr_carea' id='block_1_2' title="bbox 242 399 1156 2972">
    <p class='ocr_par' dir='ltr' id='par_1_2' title="bbox 275 399 979 468">
     <span class='ocr_line' id='line_1_2' title="bbox 275 399 979 468; baseline -0.001 -15"><span class='ocrx_word' id='word_1_5' title='bbox 275 399 409 468; x_wconf 84' lang='lat' dir='ltr'>Oonjicite‚</span> <span class='ocrx_word' id='word_1_6' title='bbox 420 417 436 453; x_wconf 98' lang='lat' dir='ltr'>o</span> <span class='ocrx_word' id='word_1_7' title='bbox 449 399 558 464; x_wconf 90' lang='lat' dir='ltr'>Rutuli;</span> <span class='ocrx_word' id='word_1_8' title='bbox 576 417 618 452; x_wconf 91' lang='lat' dir='ltr'>me</span> <span class='ocrx_word' id='word_1_9' title='bbox 630 401 743 468; x_wconf 88' lang='lat' dir='ltr'>primam</span> <span class='ocrx_word' id='word_1_10' title='bbox 755 400 884 453; x_wconf 79' lang='lat' dir='ltr'><strong>absumite</strong></span> <span class='ocrx_word' id='word_1_11' title='bbox 896 400 979 464; x_wconf 80' lang='lat' dir='ltr'>ferro3</span> 
     </span>
    </p>

    <p class='ocr_par' dir='ltr' id='par_1_3' title="bbox 274 469 937 538">
     <span class='ocr_line' id='line_1_3' title="bbox 274 469 937 538; baseline 0 -16"><span class='ocrx_word' id='word_1_12' title='bbox 274 469 331 522; x_wconf 85' lang='lat' dir='ltr'>Aut</span> <span class='ocrx_word' id='word_1_13' title='bbox 343 474 381 535; x_wconf 90' lang='lat' dir='ltr'>tu,</span> <span class='ocrx_word' id='word_1_14' title='bbox 393 487 488 537; x_wconf 85' lang='lat' dir='ltr'>magne</span> <span class='ocrx_word' id='word_1_15' title='bbox 501 476 575 538; x_wconf 86' lang='lat' dir='ltr'>pater</span> <span class='ocrx_word' id='word_1_16' title='bbox 587 469 686 535; x_wconf 86' lang='lat' dir='ltr'>divum,</span> <span class='ocrx_word' id='word_1_17' title='bbox 698 470 826 537; x_wconf 88' lang='lat' dir='ltr'>miserere,</span> <span class='ocrx_word' id='word_1_18' title='bbox 839 476 937 538; x_wconf 89' lang='lat' dir='ltr'>tuoque</span> 
     </span>
    </p>

    <p class='ocr_par' dir='ltr' id='par_1_4' title="bbox 275 538 936 606">
     <span class='ocr_line' id='line_1_4' title="bbox 275 538 936 606; baseline 0 -16"><span class='ocrx_word' id='word_1_19' title='bbox 275 539 398 590; x_wconf 80' lang='lat' dir='ltr'><strong>Invisum</strong></span> <span class='ocrx_word' id='word_1_20' title='bbox 410 539 459 590; x_wconf 92' lang='lat' dir='ltr'>hoc</span> <span class='ocrx_word' id='word_1_21' title='bbox 472 539 583 591; x_wconf 80' lang='lat' dir='ltr'>detrude</span> <span class='ocrx_word' id='word_1_22' title='bbox 595 544 676 606; x_wconf 90' lang='lat' dir='ltr'>caput</span> <span class='ocrx_word' id='word_1_23' title='bbox 689 538 737 590; x_wconf 89' lang='lat' dir='ltr'>sub</span> <span class='ocrx_word' id='word_1_24' title='bbox 749 539 858 590; x_wconf 74' lang='lat' dir='ltr'>Tartara</span> <span class='ocrx_word' id='word_1_25' title='bbox 869 539 936 591; x_wconf 88' lang='lat' dir='ltr'>telo:</span> 
     </span>
    </p>

    <p class='ocr_par' dir='ltr' id='par_1_5' title="bbox 276 607 1020 676">
     <span class='ocr_line' id='line_1_5' title="bbox 276 607 1020 676; baseline 0.004 -17"><span class='ocrx_word' id='word_1_26' title='bbox 276 607 387 671; x_wconf 78' lang='lat' dir='ltr'>Quando</span> <span class='ocrx_word' id='word_1_27' title='bbox 399 608 476 660; x_wconf 90' lang='lat' dir='ltr'>aliter</span> <span class='ocrx_word' id='word_1_28' title='bbox 488 624 588 675; x_wconf 85' lang='lat' dir='ltr'>nequeo</span> <span class='ocrx_word' id='word_1_29' title='bbox 601 608 733 659; x_wconf 86' lang='lat' dir='ltr'>crudelem</span> <span class='ocrx_word' id='word_1_30' title='bbox 745 608 900 676; x_wconf 89' lang='lat' dir='ltr'>abrumpere</span> <span class='ocrx_word' id='word_1_31' title='bbox 912 608 1020 662; x_wconf 67' lang='lat' dir='ltr'>vitonu‘</span> 
     </span>
    </p>

    <p class='ocr_par' dir='ltr' id='par_1_6' title="bbox 275 675 971 744">
     <span class='ocr_line' id='line_1_6' title="bbox 275 675 971 744; baseline 0.001 -16"><span class='ocrx_word' id='word_1_32' title='bbox 275 675 333 729; x_wconf 90' lang='lat' dir='ltr'>Hoc</span> <span class='ocrx_word' id='word_1_33' title='bbox 346 677 411 729; x_wconf 88' lang='lat' dir='ltr'>fietu</span> <span class='ocrx_word' id='word_1_34' title='bbox 423 678 541 729; x_wconf 77' lang='lat' dir='ltr'>concussi</span> <span class='ocrx_word' id='word_1_35' title='bbox 553 677 641 742; x_wconf 88' lang='lat' dir='ltr'>animi,</span> <span class='ocrx_word' id='word_1_36' title='bbox 654 683 813 744; x_wconf 87' lang='lat' dir='ltr'>maestusque</span> <span class='ocrx_word' id='word_1_37' title='bbox 825 694 872 744; x_wconf 91' lang='lat' dir='ltr'>per</span> <span class='ocrx_word' id='word_1_38' title='bbox 883 694 971 729; x_wconf 88' lang='lat' dir='ltr'>omues</span> 
     </span>
    </p>

    <p class='ocr_par' dir='ltr' id='par_1_7' title="bbox 276 745 939 814">
     <span class='ocr_line' id='line_1_7' title="bbox 276 745 939 814; baseline 0.003 -17"><span class='ocrx_word' id='word_1_39' title='bbox 276 745 303 797; x_wconf 90' lang='lat' dir='ltr'>It</span> <span class='ocrx_word' id='word_1_40' title='bbox 315 746 430 812; x_wconf 82' lang='lat' dir='ltr'>gemitus</span> <span class='ocrx_word' id='word_1_41' title='bbox 440 765 447 810; x_wconf 92' lang='lat'>;</span> <span class='ocrx_word' id='word_1_42' title='bbox 466 752 572 814; x_wconf 76' lang='lat' dir='ltr'>torpent</span> <span class='ocrx_word' id='word_1_43' title='bbox 581 746 701 797; x_wconf 84' lang='lat' dir='ltr'>infractae</span> <span class='ocrx_word' id='word_1_44' title='bbox 713 747 747 797; x_wconf 88' lang='lat' dir='ltr'>ad</span> <span class='ocrx_word' id='word_1_45' title='bbox 759 747 852 814; x_wconf 88' lang='lat' dir='ltr'>proelia</span> <span class='ocrx_word' id='word_1_46' title='bbox 864 747 939 799; x_wconf 89' lang='lat' dir='ltr'>vires.</span> 
     </span>
    </p>

    <p class='ocr_par' dir='ltr' id='par_1_8' title="bbox 276 813 1120 951">
     <span class='ocr_line' id='line_1_8' title="bbox 276 813 1120 880; baseline 0.002 -14"><span class='ocrx_word' id='word_1_47' title='bbox 276 813 356 866; x_wconf 86' lang='lat' dir='ltr'>Illam</span> <span class='ocrx_word' id='word_1_48' title='bbox 367 814 551 867; x_wconf 86' lang='lat' dir='ltr'>incendentem</span> <span class='ocrx_word' id='word_1_49' title='bbox 563 815 651 867; x_wconf 89' lang='lat' dir='ltr'>luctus</span> <span class='ocrx_word' id='word_1_50' title='bbox 665 815 754 867; x_wconf 84' lang='lat' dir='ltr'>ldaeus</span> <span class='ocrx_word' id='word_1_51' title='bbox 766 821 794 867; x_wconf 90' lang='lat' dir='ltr'>et</span> <span class='ocrx_word' id='word_1_52' title='bbox 806 814 893 880; x_wconf 88' lang='lat' dir='ltr'>Actor,</span> <span class='ocrx_word' id='word_1_53' title='bbox 1068 819 1120 868; x_wconf 96' lang='grc'>500</span> 
     </span>
     <span class='ocr_line' id='line_1_9' title="bbox 276 883 902 951; baseline 0.002 -16"><span class='ocrx_word' id='word_1_54' title='bbox 276 883 371 935; x_wconf 89' lang='lat' dir='ltr'>Ilionei</span> <span class='ocrx_word' id='word_1_55' title='bbox 383 885 487 936; x_wconf 91' lang='lat' dir='ltr'>monitu</span> <span class='ocrx_word' id='word_1_56' title='bbox 499 890 526 935; x_wconf 90' lang='lat' dir='ltr'>et</span> <span class='ocrx_word' id='word_1_57' title='bbox 537 883 653 935; x_wconf 92' lang='lat' dir='ltr'>multum</span> <span class='ocrx_word' id='word_1_58' title='bbox 665 884 829 936; x_wconf 89' lang='lat' dir='ltr'>lacrimantis</span> <span class='ocrx_word' id='word_1_59' title='bbox 842 884 902 951; x_wconf 88' lang='lat' dir='ltr'>luli,</span> 
     </span>
    </p>

    <p class='ocr_par' dir='ltr' id='par_1_9' title="bbox 277 952 969 1025">
     <span class='ocr_line' id='line_1_10' title="bbox 277 952 969 1025; baseline 0.006 -21"><span class='ocrx_word' id='word_1_60' title='bbox 277 953 435 1025; x_wconf 70' lang='lat' dir='ltr'>corripiunt,</span> <span class='ocrx_word' id='word_1_61' title='bbox 448 953 567 1020; x_wconf 89' lang='lat' dir='ltr'>interque</span> <span class='ocrx_word' id='word_1_62' title='bbox 580 970 674 1004; x_wconf 90' lang='lat' dir='ltr'>manus</span> <span class='ocrx_word' id='word_1_63' title='bbox 687 952 735 1004; x_wconf 91' lang='lat' dir='ltr'>sub</span> <span class='ocrx_word' id='word_1_64' title='bbox 747 960 818 1005; x_wconf 89' lang='lat' dir='ltr'>tecta</span> <span class='ocrx_word' id='word_1_65' title='bbox 829 958 969 1021; x_wconf 85' lang='lat' dir='ltr'>reponunt.</span> 
     </span>
    </p>

    <p class='ocr_par' dir='ltr' id='par_1_10' title="bbox 276 1020 978 1298">
     <span class='ocr_line' id='line_1_11' title="bbox 311 1020 978 1089; baseline 0.004 -16"><span class='ocrx_word' id='word_1_66' title='bbox 311 1022 348 1073; x_wconf 85' lang='lat' dir='ltr'>At</span> <span class='ocrx_word' id='word_1_67' title='bbox 359 1020 424 1074; x_wconf 90' lang='lat' dir='ltr'>tuba</span> <span class='ocrx_word' id='word_1_68' title='bbox 435 1021 578 1074; x_wconf 86' lang='lat' dir='ltr'>terribilem</span> <span class='ocrx_word' id='word_1_69' title='bbox 591 1022 706 1073; x_wconf 91' lang='lat' dir='ltr'>sonitum</span> <span class='ocrx_word' id='word_1_70' title='bbox 718 1023 809 1089; x_wconf 88' lang='lat' dir='ltr'>procul</span> <span class='ocrx_word' id='word_1_71' title='bbox 821 1039 871 1074; x_wconf 84' lang='lat' dir='ltr'>aere</span> <span class='ocrx_word' id='word_1_72' title='bbox 883 1040 978 1076; x_wconf 88' lang='lat' dir='ltr'>canoro</span> 
     </span>
     <span class='ocr_line' id='line_1_12' title="bbox 277 1090 977 1160; baseline 0.003 -16"><span class='ocrx_word' id='word_1_73' title='bbox 277 1090 428 1159; x_wconf 85' lang='lat' dir='ltr'>Increpuit:</span> <span class='ocrx_word' id='word_1_74' title='bbox 447 1090 565 1158; x_wconf 89' lang='lat' dir='ltr'>sequitur</span> <span class='ocrx_word' id='word_1_75' title='bbox 577 1090 682 1158; x_wconf 87' lang='lat' dir='ltr'>clamor,</span> <span class='ocrx_word' id='word_1_76' title='bbox 695 1091 842 1159; x_wconf 87' lang='lat' dir='ltr'>coelumque</span> <span class='ocrx_word' id='word_1_77' title='bbox 853 1092 977 1160; x_wconf 77' lang='lat' dir='ltr'>remugit.</span> 
     </span>
     <span class='ocr_line' id='line_1_13' title="bbox 276 1159 875 1228; baseline 0.002 -17"><span class='ocrx_word' id='word_1_78' title='bbox 276 1159 431 1212; x_wconf 84' lang='lat' dir='ltr'>Accelerant</span> <span class='ocrx_word' id='word_1_79' title='bbox 442 1167 502 1212; x_wconf 86' lang='lat' dir='ltr'>ecta</span> <span class='ocrx_word' id='word_1_80' title='bbox 515 1160 612 1228; x_wconf 85' lang='lat' dir='ltr'>pariter</span> <span class='ocrx_word' id='word_1_81' title='bbox 624 1161 757 1212; x_wconf 87' lang='lat' dir='ltr'>testudine</span> <span class='ocrx_word' id='word_1_82' title='bbox 770 1161 857 1213; x_wconf 86' lang='lat' dir='ltr'>Volsci</span> <span class='ocrx_word' id='word_1_83' title='bbox 867 1179 875 1225; x_wconf 71' lang='grc' dir='ltr'>ς</span> 
     </span>
     <span class='ocr_line' id='line_1_14' title="bbox 276 1229 910 1298; baseline 0.002 -17"><span class='ocrx_word' id='word_1_84' title='bbox 276 1229 313 1281; x_wconf 82' lang='lat' dir='ltr'>Et</span> <span class='ocrx_word' id='word_1_85' title='bbox 325 1231 405 1282; x_wconf 85' lang='lat' dir='ltr'>fossas</span> <span class='ocrx_word' id='word_1_86' title='bbox 417 1229 525 1297; x_wconf 58' lang='lat' dir='ltr'>immere</span> <span class='ocrx_word' id='word_1_87' title='bbox 537 1236 639 1298; x_wconf 88' lang='lat' dir='ltr'>parant,</span> <span class='ocrx_word' id='word_1_88' title='bbox 652 1247 684 1281; x_wconf 92' lang='lat' dir='ltr'>ac</span> <span class='ocrx_word' id='word_1_89' title='bbox 696 1230 791 1281; x_wconf 90' lang='lat' dir='ltr'>vellere</span> <span class='ocrx_word' id='word_1_90' title='bbox 803 1231 910 1283; x_wconf 86' lang='lat' dir='ltr'>vallum.</span> 
     </span>
    </p>

    <p class='ocr_par' dir='ltr' id='par_1_11' title="bbox 242 1298 1156 2972">
     <span class='ocr_line' id='line_1_15' title="bbox 278 1298 986 1366; baseline 0.003 -17"><span class='ocrx_word' id='word_1_91' title='bbox 278 1298 406 1361; x_wconf 86' lang='lat' dir='ltr'>Quaerunt</span> <span class='ocrx_word' id='word_1_92' title='bbox 418 1316 478 1366; x_wconf 88' lang='lat' dir='ltr'>pars</span> <span class='ocrx_word' id='word_1_93' title='bbox 490 1299 599 1366; x_wconf 85' lang='lat' dir='ltr'>aditum,</span> <span class='ocrx_word' id='word_1_94' title='bbox 613 1307 639 1350; x_wconf 91' lang='lat' dir='ltr'>et</span> <span class='ocrx_word' id='word_1_95' title='bbox 652 1298 728 1350; x_wconf 88' lang='lat' dir='ltr'>scalis</span> <span class='ocrx_word' id='word_1_96' title='bbox 740 1300 878 1351; x_wconf 89' lang='lat' dir='ltr'>ascendere</span> <span class='ocrx_word' id='word_1_97' title='bbox 889 1317 986 1366; x_wconf 78' lang='lat' dir='ltr'>minos,</span> 
     </span>
     <span class='ocr_line' id='line_1_16' title="bbox 278 1368 860 1435; baseline 0 -15"><span class='ocrx_word' id='word_1_98' title='bbox 278 1368 337 1431; x_wconf 83' lang='lat' dir='ltr'>Qua</span> <span class='ocrx_word' id='word_1_99' title='bbox 348 1385 408 1420; x_wconf 88' lang='lat' dir='ltr'>rara</span> <span class='ocrx_word' id='word_1_100' title='bbox 419 1374 460 1419; x_wconf 90' lang='lat' dir='ltr'>est</span> <span class='ocrx_word' id='word_1_101' title='bbox 471 1368 547 1434; x_wconf 90' lang='lat' dir='ltr'>acies,</span> <span class='ocrx_word' id='word_1_102' title='bbox 560 1368 753 1435; x_wconf 87' lang='lat' dir='ltr'>interlucetque</span> <span class='ocrx_word' id='word_1_103' title='bbox 765 1386 860 1420; x_wconf 87' lang='lat' dir='ltr'>corona</span> 
     </span>
     <span class='ocr_line' id='line_1_17' title="bbox 277 1436 988 1505; baseline 0.003 -17"><span class='ocrx_word' id='word_1_104' title='bbox 277 1436 337 1488; x_wconf 87' lang='lat' dir='ltr'>Non</span> <span class='ocrx_word' id='word_1_105' title='bbox 349 1443 405 1489; x_wconf 89' lang='lat' dir='ltr'>tam</span> <span class='ocrx_word' id='word_1_106' title='bbox 417 1438 499 1505; x_wconf 85' lang='lat' dir='ltr'>spissa</span> <span class='ocrx_word' id='word_1_107' title='bbox 511 1437 580 1490; x_wconf 85' lang='lat' dir='ltr'>viris.</span> <span class='ocrx_word' id='word_1_108' title='bbox 616 1437 738 1489; x_wconf 80' lang='lat' dir='ltr'>Telorum</span> <span class='ocrx_word' id='word_1_109' title='bbox 750 1438 884 1490; x_wconf 88' lang='lat' dir='ltr'>effundere</span> <span class='ocrx_word' id='word_1_110' title='bbox 895 1444 988 1491; x_wconf 74' lang='lat' dir='ltr'>contra</span> 
     </span>
     <span class='ocr_line' id='line_1_18' title="bbox 278 1505 1120 1574; baseline 0.005 -17"><span class='ocrx_word' id='word_1_111' title='bbox 278 1506 361 1558; x_wconf 88' lang='lat' dir='ltr'>Omne</span> <span class='ocrx_word' id='word_1_112' title='bbox 373 1523 456 1573; x_wconf 85' lang='lat' dir='ltr'>genus</span> <span class='ocrx_word' id='word_1_113' title='bbox 468 1505 568 1573; x_wconf 75' lang='lat' dir='ltr'>Teucri,</span> <span class='ocrx_word' id='word_1_114' title='bbox 581 1523 612 1559; x_wconf 90' lang='lat' dir='ltr'>ac</span> <span class='ocrx_word' id='word_1_115' title='bbox 624 1507 697 1557; x_wconf 89' lang='lat' dir='ltr'>duris</span> <span class='ocrx_word' id='word_1_116' title='bbox 709 1507 848 1559; x_wconf 85' lang='lat' dir='ltr'>detrudere</span> <span class='ocrx_word' id='word_1_117' title='bbox 860 1508 952 1574; x_wconf 90' lang='lat' dir='ltr'>contis,</span> <span class='ocrx_word' id='word_1_118' title='bbox 1069 1510 1120 1561; x_wconf 91' lang='grc'>510</span> 
     </span>
     <span class='ocr_line' id='line_1_19' title="bbox 277 1575 808 1642; baseline 0.002 -15"><span class='ocrx_word' id='word_1_119' title='bbox 277 1575 383 1627; x_wconf 84' lang='lat' dir='ltr'>Assueti</span> <span class='ocrx_word' id='word_1_120' title='bbox 395 1575 472 1642; x_wconf 85' lang='lat' dir='ltr'>longo</span> <span class='ocrx_word' id='word_1_121' title='bbox 483 1592 571 1626; x_wconf 91' lang='lat' dir='ltr'>muros</span> <span class='ocrx_word' id='word_1_122' title='bbox 583 1575 721 1627; x_wconf 86' lang='lat' dir='ltr'>defendere</span> <span class='ocrx_word' id='word_1_123' title='bbox 733 1575 808 1628; x_wconf 88' lang='lat' dir='ltr'>bello.</span> 
     </span>
     <span class='ocr_line' id='line_1_20' title="bbox 278 1644 958 1713; baseline 0.003 -17"><span class='ocrx_word' id='word_1_124' title='bbox 278 1644 348 1696; x_wconf 84' lang='lat' dir='ltr'>Saxa</span> <span class='ocrx_word' id='word_1_125' title='bbox 360 1661 463 1712; x_wconf 90' lang='lat' dir='ltr'>quoque</span> <span class='ocrx_word' id='word_1_126' title='bbox 474 1644 570 1696; x_wconf 87' lang='lat' dir='ltr'>infesto</span> <span class='ocrx_word' id='word_1_127' title='bbox 582 1644 723 1698; x_wconf 83' lang='lat' dir='ltr'>volvebant</span> <span class='ocrx_word' id='word_1_128' title='bbox 735 1646 856 1713; x_wconf 89' lang='lat' dir='ltr'>pondere,</span> <span class='ocrx_word' id='word_1_129' title='bbox 869 1646 891 1697; x_wconf 91' lang='lat' dir='ltr'>si</span> <span class='ocrx_word' id='word_1_130' title='bbox 904 1663 958 1713; x_wconf 91' lang='lat' dir='ltr'>qua</span> 
     </span>
     <span class='ocr_line' id='line_1_21' title="bbox 278 1713 1095 1782; baseline 0.005 -18"><span class='ocrx_word' id='word_1_131' title='bbox 278 1713 387 1765; x_wconf 88' lang='lat' dir='ltr'>Possent</span> <span class='ocrx_word' id='word_1_132' title='bbox 399 1719 496 1765; x_wconf 87' lang='lat' dir='ltr'>tectam</span> <span class='ocrx_word' id='word_1_133' title='bbox 508 1714 591 1765; x_wconf 88' lang='lat' dir='ltr'>aciem</span> <span class='ocrx_word' id='word_1_134' title='bbox 603 1731 770 1782; x_wconf 87' lang='lat' dir='ltr'>perrumpere</span> <span class='ocrx_word' id='word_1_135' title='bbox 782 1732 788 1766; x_wconf 90' lang='lat'>:</span> <span class='ocrx_word' id='word_1_136' title='bbox 807 1731 890 1781; x_wconf 93' lang='lat' dir='ltr'>quum</span> <span class='ocrx_word' id='word_1_137' title='bbox 902 1721 992 1768; x_wconf 90' lang='lat' dir='ltr'>tamen</span> <span class='ocrx_word' id='word_1_138' title='bbox 1005 1733 1095 1768; x_wconf 85' lang='lat' dir='ltr'>omnes</span> 
     </span>
     <span class='ocr_line' id='line_1_22' title="bbox 277 1781 876 1850; baseline 0.003 -16"><span class='ocrx_word' id='word_1_139' title='bbox 277 1782 355 1834; x_wconf 81' lang='lat' dir='ltr'>Ferre</span> <span class='ocrx_word' id='word_1_140' title='bbox 364 1784 442 1850; x_wconf 90' lang='lat' dir='ltr'>juvat</span> <span class='ocrx_word' id='word_1_141' title='bbox 455 1781 544 1834; x_wconf 90' lang='lat' dir='ltr'>subter</span> <span class='ocrx_word' id='word_1_142' title='bbox 555 1783 635 1834; x_wconf 84' lang='lat' dir='ltr'>densa</span> <span class='ocrx_word' id='word_1_143' title='bbox 648 1784 782 1835; x_wconf 88' lang='lat' dir='ltr'>testudine</span> <span class='ocrx_word' id='word_1_144' title='bbox 794 1801 876 1836; x_wconf 89' lang='lat' dir='ltr'>casus.</span> 
     </span>
     <span class='ocr_line' id='line_1_23' title="bbox 277 1851 1058 1922; baseline 0.004 -19"><span class='ocrx_word' id='word_1_145' title='bbox 277 1851 332 1903; x_wconf 88' lang='lat' dir='ltr'>Nec</span> <span class='ocrx_word' id='word_1_146' title='bbox 340 1853 397 1919; x_wconf 91' lang='lat' dir='ltr'>jam</span> <span class='ocrx_word' id='word_1_147' title='bbox 410 1851 560 1904; x_wconf 87' lang='lat' dir='ltr'>sufficiunt:</span> <span class='ocrx_word' id='word_1_148' title='bbox 578 1869 641 1904; x_wconf 89' lang='lat' dir='ltr'>nam</span> <span class='ocrx_word' id='word_1_149' title='bbox 653 1869 706 1920; x_wconf 91' lang='lat' dir='ltr'>qua</span> <span class='ocrx_word' id='word_1_150' title='bbox 718 1852 810 1919; x_wconf 86' lang='lat' dir='ltr'>globus</span> <span class='ocrx_word' id='word_1_151' title='bbox 822 1853 943 1906; x_wconf 89' lang='lat' dir='ltr'>imminet</span> <span class='ocrx_word' id='word_1_152' title='bbox 955 1854 1058 1922; x_wconf 82' lang='lat' dir='ltr'>ingens,</span> 
     </span>
     <span class='ocr_line' id='line_1_24' title="bbox 278 1920 973 1990; baseline 0.003 -18"><span class='ocrx_word' id='word_1_153' title='bbox 278 1920 424 1972; x_wconf 89' lang='lat' dir='ltr'>Immanem</span> <span class='ocrx_word' id='word_1_154' title='bbox 436 1920 528 1972; x_wconf 81' lang='lat' dir='ltr'>Teucri</span> <span class='ocrx_word' id='word_1_155' title='bbox 540 1920 635 1973; x_wconf 92' lang='lat' dir='ltr'>molem</span> <span class='ocrx_word' id='word_1_156' title='bbox 647 1922 810 1990; x_wconf 87' lang='lat' dir='ltr'>volvuntque</span> <span class='ocrx_word' id='word_1_157' title='bbox 821 1929 955 1990; x_wconf 88' lang='lat' dir='ltr'>ruuntque</span> <span class='ocrx_word' id='word_1_158' title='bbox 966 1942 973 1986; x_wconf 89' lang='lat'>;</span> 
     </span>
     <span class='ocr_line' id='line_1_25' title="bbox 278 1989 961 2059; baseline 0.003 -18"><span class='ocrx_word' id='word_1_159' title='bbox 278 1989 342 2053; x_wconf 81' lang='lat' dir='ltr'>Quae</span> <span class='ocrx_word' id='word_1_160' title='bbox 355 1990 448 2044; x_wconf 92' lang='lat' dir='ltr'>stravit</span> <span class='ocrx_word' id='word_1_161' title='bbox 462 1990 574 2042; x_wconf 86' lang='lat' dir='ltr'>Rutulos</span> <span class='ocrx_word' id='word_1_162' title='bbox 586 1991 647 2057; x_wconf 88' lang='lat' dir='ltr'>late,</span> <span class='ocrx_word' id='word_1_163' title='bbox 660 2008 843 2059; x_wconf 90' lang='lat' dir='ltr'>armorumque</span> <span class='ocrx_word' id='word_1_164' title='bbox 854 1992 961 2043; x_wconf 88' lang='lat' dir='ltr'>resolvit</span> 
     </span>
     <span class='ocr_line' id='line_1_26' title="bbox 277 2058 955 2126; baseline 0.004 -16"><span class='ocrx_word' id='word_1_165' title='bbox 277 2058 411 2126; x_wconf 73' lang='lat' dir='ltr'>&#39;regmina</span> <span class='ocrx_word' id='word_1_166' title='bbox 446 2059 472 2111; x_wconf 90' lang='lat' dir='ltr'>N</span> <span class='ocrx_word' id='word_1_167' title='bbox 472 2076 502 2111; x_wconf 90' lang='lat' dir='ltr'>ec</span> <span class='ocrx_word' id='word_1_168' title='bbox 514 2066 608 2111; x_wconf 89' lang='lat' dir='ltr'>curant</span> <span class='ocrx_word' id='word_1_169' title='bbox 621 2077 688 2111; x_wconf 85' lang='lat' dir='ltr'>caeco</span> <span class='ocrx_word' id='word_1_170' title='bbox 701 2061 856 2112; x_wconf 89' lang='lat' dir='ltr'>contendere</span> <span class='ocrx_word' id='word_1_171' title='bbox 868 2061 955 2113; x_wconf 86' lang='lat' dir='ltr'>Marte</span> 
     </span>
     <span class='ocr_line' id='line_1_27' title="bbox 277 2128 888 2198; baseline -0.002 -16"><span class='ocrx_word' id='word_1_172' title='bbox 277 2128 399 2197; x_wconf 90' lang='lat' dir='ltr'>Amplius</span> <span class='ocrx_word' id='word_1_173' title='bbox 411 2129 523 2181; x_wconf 83' lang='lat' dir='ltr'>audaces</span> <span class='ocrx_word' id='word_1_174' title='bbox 537 2128 639 2196; x_wconf 87' lang='lat' dir='ltr'>Rutuli,</span> <span class='ocrx_word' id='word_1_175' title='bbox 652 2129 697 2180; x_wconf 89' lang='lat' dir='ltr'>sed</span> <span class='ocrx_word' id='word_1_176' title='bbox 709 2129 806 2198; x_wconf 86' lang='lat' dir='ltr'>pellere</span> <span class='ocrx_word' id='word_1_177' title='bbox 818 2129 888 2183; x_wconf 84' lang='lat' dir='ltr'>vallo</span> 
     </span>
     <span class='ocr_line' id='line_1_28' title="bbox 277 2196 1124 2254; baseline 0.006 -5"><span class='ocrx_word' id='word_1_178' title='bbox 277 2196 422 2250; x_wconf 85' lang='lat' dir='ltr'>Missilibus</span> <span class='ocrx_word' id='word_1_179' title='bbox 434 2204 544 2250; x_wconf 90' lang='lat' dir='ltr'>certant.</span> <span class='ocrx_word' id='word_1_180' title='bbox 1072 2203 1124 2254; x_wconf 76' lang='lat'>520</span> 
     </span>
     <span class='ocr_line' id='line_1_29' title="bbox 277 2265 953 2336; baseline 0.006 -18"><span class='ocrx_word' id='word_1_181' title='bbox 277 2265 357 2319; x_wconf 83' lang='lat' dir='ltr'>Parte</span> <span class='ocrx_word' id='word_1_182' title='bbox 368 2268 422 2319; x_wconf 87' lang='lat' dir='ltr'>alia</span> <span class='ocrx_word' id='word_1_183' title='bbox 433 2268 576 2319; x_wconf 89' lang='lat' dir='ltr'>horrendus</span> <span class='ocrx_word' id='word_1_184' title='bbox 588 2267 647 2320; x_wconf 88' lang='lat' dir='ltr'>visu</span> <span class='ocrx_word' id='word_1_185' title='bbox 660 2268 802 2336; x_wconf 87' lang='lat' dir='ltr'>quassabat</span> <span class='ocrx_word' id='word_1_186' title='bbox 814 2269 953 2323; x_wconf 78' lang='lat' dir='ltr'>Etruscam</span> 
     </span>
     <span class='ocr_line' id='line_1_30' title="bbox 277 2334 924 2406; baseline 0.006 -19"><span class='ocrx_word' id='word_1_187' title='bbox 277 2334 382 2404; x_wconf 83' lang='lat' dir='ltr'>Pinum,</span> <span class='ocrx_word' id='word_1_188' title='bbox 395 2343 422 2388; x_wconf 93' lang='lat' dir='ltr'>et</span> <span class='ocrx_word' id='word_1_189' title='bbox 433 2337 568 2388; x_wconf 83' lang='lat' dir='ltr'>fumiferos</span> <span class='ocrx_word' id='word_1_190' title='bbox 580 2337 661 2389; x_wconf 84' lang='lat' dir='ltr'>infert</span> <span class='ocrx_word' id='word_1_191' title='bbox 673 2338 820 2390; x_wconf 87' lang='lat' dir='ltr'>Mezentius</span> <span class='ocrx_word' id='word_1_192' title='bbox 833 2340 924 2406; x_wconf 79' lang='lat' dir='ltr'>ignes3</span> 
     </span>
     <span class='ocr_line' id='line_1_31' title="bbox 276 2406 957 2477; baseline 0.006 -21"><span class='ocrx_word' id='word_1_193' title='bbox 276 2406 315 2456; x_wconf 89' lang='lat' dir='ltr'>At</span> <span class='ocrx_word' id='word_1_194' title='bbox 326 2406 462 2473; x_wconf 88' lang='lat' dir='ltr'>Messapus</span> <span class='ocrx_word' id='word_1_195' title='bbox 475 2423 573 2473; x_wconf 91' lang='lat' dir='ltr'>equum</span> <span class='ocrx_word' id='word_1_196' title='bbox 585 2406 704 2473; x_wconf 91' lang='lat' dir='ltr'>domitor,</span> <span class='ocrx_word' id='word_1_197' title='bbox 717 2408 853 2476; x_wconf 89' lang='lat' dir='ltr'>Neptunia</span> <span class='ocrx_word' id='word_1_198' title='bbox 864 2409 957 2477; x_wconf 88' lang='lat' dir='ltr'>proles,</span> 
     </span>
     <span class='ocr_line' id='line_1_32' title="bbox 278 2474 920 2546; baseline 0.008 -20"><span class='ocrx_word' id='word_1_199' title='bbox 278 2474 414 2526; x_wconf 85' lang='lat' dir='ltr'>Rescindit</span> <span class='ocrx_word' id='word_1_200' title='bbox 426 2475 534 2542; x_wconf 84' lang='lat' dir='ltr'>vallum,</span> <span class='ocrx_word' id='word_1_201' title='bbox 547 2481 574 2527; x_wconf 89' lang='lat' dir='ltr'>et</span> <span class='ocrx_word' id='word_1_202' title='bbox 586 2477 668 2527; x_wconf 87' lang='lat' dir='ltr'>scalas</span> <span class='ocrx_word' id='word_1_203' title='bbox 680 2477 709 2528; x_wconf 90' lang='lat' dir='ltr'>in</span> <span class='ocrx_word' id='word_1_204' title='bbox 721 2478 818 2528; x_wconf 88' lang='lat' dir='ltr'>moenia</span> <span class='ocrx_word' id='word_1_205' title='bbox 829 2479 920 2546; x_wconf 88' lang='lat' dir='ltr'>poscit.</span> 
     </span>
     <span class='ocr_line' id='line_1_33' title="bbox 313 2545 900 2614; baseline 0.003 -18"><span class='ocrx_word' id='word_1_206' title='bbox 313 2545 372 2611; x_wconf 88' lang='lat' dir='ltr'>Vos,</span> <span class='ocrx_word' id='word_1_207' title='bbox 386 2562 400 2595; x_wconf 97' lang='lat' dir='ltr'>o</span> <span class='ocrx_word' id='word_1_208' title='bbox 413 2545 536 2612; x_wconf 79' lang='lat' dir='ltr'>Calliope,</span> <span class='ocrx_word' id='word_1_209' title='bbox 549 2562 648 2612; x_wconf 82' lang='lat' dir='ltr'>precor,</span> <span class='ocrx_word' id='word_1_210' title='bbox 661 2547 775 2614; x_wconf 85' lang='lat' dir='ltr'>aspirate</span> <span class='ocrx_word' id='word_1_211' title='bbox 787 2548 900 2613; x_wconf 86' lang='lat' dir='ltr'>canenti,</span> 
     </span>
     <span class='ocr_line' id='line_1_34' title="bbox 278 2613 970 2681; baseline 0.009 -18"><span class='ocrx_word' id='word_1_212' title='bbox 278 2613 348 2678; x_wconf 84' lang='lat' dir='ltr'>Quas</span> <span class='ocrx_word' id='word_1_213' title='bbox 361 2614 398 2664; x_wconf 92' lang='lat' dir='ltr'>ibi</span> <span class='ocrx_word' id='word_1_214' title='bbox 411 2620 475 2665; x_wconf 88' lang='lat' dir='ltr'>tunc</span> <span class='ocrx_word' id='word_1_215' title='bbox 487 2614 555 2665; x_wconf 85' lang='lat' dir='ltr'>ferro</span> <span class='ocrx_word' id='word_1_216' title='bbox 568 2620 675 2680; x_wconf 86' lang='lat' dir='ltr'>strages,</span> <span class='ocrx_word' id='word_1_217' title='bbox 689 2632 747 2681; x_wconf 87' lang='lat' dir='ltr'>quae</span> <span class='ocrx_word' id='word_1_218' title='bbox 759 2616 853 2668; x_wconf 88' lang='lat' dir='ltr'>funera</span> <span class='ocrx_word' id='word_1_219' title='bbox 865 2617 970 2669; x_wconf 75' lang='lat' dir='ltr'>Turnus</span> 
     </span>
     <span class='ocr_line' id='line_1_35' title="bbox 267 2682 960 2756; baseline 0.004 -21"><span class='ocrx_word' id='word_1_220' title='bbox 267 2682 401 2753; x_wconf 83' lang='lat' dir='ltr'>Ediderlt,</span> <span class='ocrx_word' id='word_1_221' title='bbox 415 2701 496 2756; x_wconf 92' lang='lat' dir='ltr'>quem</span> <span class='ocrx_word' id='word_1_222' title='bbox 509 2683 618 2755; x_wconf 90' lang='lat' dir='ltr'>quisque</span> <span class='ocrx_word' id='word_1_223' title='bbox 630 2685 717 2736; x_wconf 89' lang='lat' dir='ltr'>virum</span> <span class='ocrx_word' id='word_1_224' title='bbox 730 2685 864 2737; x_wconf 87' lang='lat' dir='ltr'>demiserit</span> <span class='ocrx_word' id='word_1_225' title='bbox 876 2685 960 2750; x_wconf 90' lang='lat' dir='ltr'>Orco;</span> 
     </span>
     <span class='ocr_line' id='line_1_36' title="bbox 256 2754 984 2830; baseline -0.004 -23"><span class='ocrx_word' id='word_1_226' title='bbox 256 2754 296 2808; x_wconf 83' lang='lat' dir='ltr'>Et</span> <span class='ocrx_word' id='word_1_227' title='bbox 308 2774 423 2811; x_wconf 88' lang='lat' dir='ltr'>mecum</span> <span class='ocrx_word' id='word_1_228' title='bbox 436 2758 564 2829; x_wconf 85' lang='lat' dir='ltr'>ingentes</span> <span class='ocrx_word' id='word_1_229' title='bbox 577 2773 637 2809; x_wconf 88' lang='lat' dir='ltr'>oras</span> <span class='ocrx_word' id='word_1_230' title='bbox 649 2754 764 2808; x_wconf 80' lang='lat' dir='ltr'>evolvite</span> <span class='ocrx_word' id='word_1_231' title='bbox 769 2754 846 2804; x_wconf 76' lang='lat' dir='ltr'>belli.</span> <span class='ocrx_word' id='word_1_232' title='bbox 977 2819 984 2830; x_wconf 37' lang='grc' dir='ltr'>ι</span> 
     </span>
     <span class='ocr_line' id='line_1_37' title="bbox 242 2819 1033 2900; baseline 0 -16"><span class='ocrx_word' id='word_1_233' title='bbox 242 2825 300 2891; x_wconf 80' lang='lat' dir='ltr'>[Et</span> <span class='ocrx_word' id='word_1_234' title='bbox 313 2832 493 2888; x_wconf 82' lang='lat' dir='ltr'>meministis</span> <span class='ocrx_word' id='word_1_235' title='bbox 509 2833 596 2899; x_wconf 87' lang='lat' dir='ltr'>enim,</span> <span class='ocrx_word' id='word_1_236' title='bbox 611 2828 693 2893; x_wconf 79' lang='lat' dir='ltr'>divae,</span> <span class='ocrx_word' id='word_1_237' title='bbox 704 2831 733 2878; x_wconf 84' lang='lat' dir='ltr'>et</span> <span class='ocrx_word' id='word_1_238' title='bbox 741 2835 891 2900; x_wconf 51' lang='lat' dir='ltr'>memorem</span> <span class='ocrx_word' id='word_1_239' title='bbox 896 2819 1033 2894; x_wconf 40' lang='lat' dir='ltr'>&amp;QX</span> 
     </span>
     <span class='ocr_line' id='line_1_38' title="bbox 276 2883 1156 2972; baseline -0.005 -8"><span class='ocrx_word' id='word_1_240' title='bbox 276 2899 384 2964; x_wconf 72' lang='lat' dir='ltr'>Turris</span> <span class='ocrx_word' id='word_1_241' title='bbox 400 2913 466 2965; x_wconf 85' lang='lat' dir='ltr'>crat</span> <span class='ocrx_word' id='word_1_242' title='bbox 482 2913 569 2962; x_wconf 90' lang='lat' dir='ltr'>vasto</span> <span class='ocrx_word' id='word_1_243' title='bbox 584 2901 767 2972; x_wconf 49' lang='lat' dir='ltr'>suspectu&amp;</span> <span class='ocrx_word' id='word_1_244' title='bbox 776 2887 910 2959; x_wconf 50' lang='lat' dir='ltr'>wilm</span> <span class='ocrx_word' id='word_1_245' title='bbox 917 2883 993 2942; x_wconf 47' lang='lat' dir='ltr'>Q*</span> <span class='ocrx_word' id='word_1_246' title='bbox 1102 2885 1156 2928; x_wconf 43' lang='grc' dir='ltr'>ω</span> 
     </span>
    </p>
   </div>
   <div class='ocr_carea' id='block_1_3' title="bbox 0 0 1360 3242">
    <p class='ocr_par' dir='ltr' id='par_1_12' title="bbox 0 0 1360 3242">
     <span class='ocr_line' id='line_1_39' title="bbox 0 0 1360 3242; baseline 0 0"><span class='ocrx_word' id='word_1_247' title='bbox 0 0 1360 3242; x_wconf 95' lang='lat' dir='ltr'> </span> 
     </span>
    </p>
   </div>
  </div>
 </body>
</html>
