2700 3242
508 305 678 362 AENEIDOS
695 305 763 361 Irl'B.
781 307 814 361 V.
1042 309 1093 359 189

243 407 330 472 Quem
342 407 419 462 medo
430 408 521 461 navali
533 409 689 462 Mnestheus
701 408 844 462 certamine
856 407 941 462 victer

243 477 427 546 Consequitur,
440 479 519 530 viridi
531 479 686 531 Mnestheus
698 479 819 532 evinctus
831 478 917 532 oliva:

242 546 349 600 Tertius
361 548 498 615 Eurytion,
511 553 581 614 tuus,
593 565 608 600 0
621 549 770 614 clarissime,
782 548 872 614 frater,

243 615 373 683 Pandare,
385 618 432 684 qui
444 617 584 685 quondam,
593 618 683 684 jussus
696 617 856 669 confundere
867 616 961 682 fedus,

243 685 278 738 In
291 686 390 738 medios
402 686 486 739 telum
497 687 598 738 torsisti
610 687 711 755 primus
723 687 844 738 Achivos.

242 754 388 807 Extremus
400 755 528 823 galeaque
539 757 593 808 ima
605 754 723 808 subsedit
734 756 849 822 Acestes,

243 823 335 876 Ausus
347 831 374 876 et
386 825 443 892 ipse
453 842 536 877 manu
544 827 675 892 juvenum
688 830 792 876 tentare
803 825 926 877 laborem.

243 893 315 944 Tum
327 893 422 945 validis
433 893 514 946 flexos
526 894 668 946 incurvant
680 894 780 946 viribus
792 911 868 946 arcus
1040 896 1092 946 600

244 961 299 1014 Pro
311 980 338 1014 se
350 962 460 1030 quisque
472 963 530 1029 viri,
543 969 570 1014 et
583 963 742 1031 depromunt
754 963 809 1015 tela
820 963 958 1031 pharetris.

245 1031 389 1099 Primaque
400 1049 448 1100 per
459 1033 555 1084 caelum
566 1049 646 1085 nervo
659 1033 788 1084 stridente
800 1033 898 1100 sagitta

245 1100 402 1169 Hyrtacidae
410 1102 517 1168 juvenis
529 1101 647 1154 volucres
660 1101 808 1153 diverberat
820 1119 915 1167 auras;

244 1169 283 1222 Iit
295 1170 378 1236 venit,
390 1170 545 1238 adversique
556 1170 679 1238 infigitur
690 1170 781 1222 arbore
793 1170 864 1222 mali.

246 1238 393 1290 Intremuit
404 1239 497 1305 malus,
510 1240 653 1308 timuitque
666 1240 793 1292 exterrita
805 1240 899 1308 pennis

245 1308 318 1374 Ales,
331 1314 359 1360 et
370 1309 473 1376 ingenti
486 1314 630 1361 sonuerunt
642 1310 731 1361 omnia
742 1308 846 1377 plausu.

247 1376 313 1430 Post
325 1394 386 1430 acer
397 1378 554 1430 Mnestheus
566 1378 682 1430 adducto
695 1379 815 1431 constitit
827 1395 897 1443 arcu,

247 1447 313 1498 Alta
325 1453 424 1515 petens,
436 1447 586 1528 pariterque
598 1448 687 1500 oculos
698 1447 833 1515 telumque
845 1447 976 1499 tetendit:

247 1517 299 1568 Ast
311 1516 396 1584 ipsam
407 1516 571 1568 miserandus
583 1534 659 1569 avem
671 1517 824 1584 contingere
836 1516 904 1569 ferro

247 1583 310 1637 Non
322 1585 427 1648 saluit3
441 1585 526 1643 nodos
539 1592 566 1637 et
577 1585 686 1638 vincula
697 1586 768 1638 linea
779 1587 860 1654 rupit,
1044 1587 1097 1637 510

250 1653 331 1717 Qucis
344 1654 443 1706 innexa
453 1655 549 1721 pedem
560 1655 630 1707 malo
642 1655 775 1723 pendebat
787 1654 820 1706 ab
832 1655 903 1707 alto:

249 1722 304 1775 Illa
317 1719 400 1774 Notos
412 1728 492 1791 atque
504 1727 562 1775 atra
574 1724 666 1775 voians
679 1724 709 1775 in
721 1724 814 1775 nubila
825 1724 904 1787 fugit.

248 1791 320 1844 Tum
330 1792 439 1860 rapidus
447 1792 610 1860 jamdudum
622 1810 686 1844 arcu
698 1798 822 1845 contenta
834 1800 926 1861 parate

249 1860 316 1913 Tela
327 1866 427 1928 tenens,
439 1863 550 1913 fratrem
561 1861 692 1929 Eurytion
704 1862 733 1912 in
746 1868 808 1914 rota
819 1864 931 1929 vocavit,

249 1930 270 1983 J
271 1946 315 1982 am
328 1946 411 1982 vacuo
422 1929 513 1982 laetam
525 1930 589 1982 coelo
603 1930 770 1999 speculatus;
789 1936 816 1984 et
828 1931 877 1983 alis

250 1997 429 2051 Piaudentem
439 2000 517 2067 nigra
528 1999 588 2067 figit
601 2000 649 2051 sub
661 2000 732 2051 nube
744 2000 900 2052 columbam.

249 2067 360 2121 Decidit
372 2068 508 2136 exanimis,
520 2069 656 2136 vitamque
667 2070 777 2137 reliquit
788 2070 817 2120 in
829 2071 907 2121 astris

250 2136 388 2204 AEtheriis‚
400 2137 534 2205 fixamque
544 2139 625 2190 refert
638 2138 746 2206 delapsa
758 2139 890 2206 sagittam.

250 2206 358 2260 Amissa
369 2206 438 2258 solus
450 2207 539 2275 palma
551 2207 692 2276 superabat
704 2207 826 2260 Acestes:

252 2275 307 2341 Qui
317 2282 408 2328 tamen
420 2276 504 2329 aerias
516 2277 601 2329 telum
612 2276 789 2329 contenditin
801 2295 885 2342 auras,
1046 2277 1099 2328 520

253 2346 397 2398 Ostentans
408 2351 544 2414 artemque
556 2352 632 2414 pater
644 2363 786 2414 arcumque
799 2353 942 2398 sonantem.

252 2414 308 2468 Hic
320 2415 402 2467 oculis
414 2415 532 2467 subitum
544 2415 667 2483 objicitur
679 2433 826 2483 magnoque
838 2416 961 2467 futurum

251 2484 374 2553 Augure
385 2490 548 2538 monstrum:
567 2485 657 2537 docuit
668 2491 728 2552 post
740 2485 828 2535 exitus
840 2485 940 2552 ingens,

252 2553 369 2622 Seruque
381 2553 488 2606 terrifici
500 2554 652 2606 cecinerunt
664 2554 753 2606 omina
764 2559 845 2606 rates.

252 2623 376 2691 Namque
387 2623 479 2675 volans
491 2624 599 2690 liquidis
611 2624 640 2675 in
652 2622 766 2674 nubibus
778 2623 842 2673 arsit
854 2622 963 2690 arunde,

253 2691 429 2761 signavitque
441 2693 513 2746 riam
524 2692 644 2760 flammis,
658 2698 804 2762 tenuesque
813 2692 926 2744 recessit

254 2761 398 2815 &nsumta
406 2762 436 2814 in
450 2767 558 2816 sentos:
575 2763 642 2820 cerlo
654 2782 708 2820 ceu
719 2782 794 2838 saepe
803 2763 897 2819 rehra

247 2831 439 2883 dharscmrunt
450 2832 610 2905 crinemque
624 2837 755 2896 uolantia
768 2839 867 2896 sidera
876 2836 1005 2893 ducunt„
