2700 3242
639 313 741 367 clais.
1055 319 1108 369 395

268 406 310 460 No
321 406 395 475 mihi,
408 424 487 477 quam
500 409 593 476 merui,
604 409 731 477 inrideas,
743 411 885 481 nutricula,
896 418 1015 468 mortem.

269 476 339 529 Nam
351 477 441 530 nisi'te
453 479 527 531 nobis
538 479 631 546 malus,
644 497 659 533 o
671 481 764 548 malus,
776 482 876 550 optima
889 482 987 553 Carme,

272 546 343 598 Ante
355 545 427 598 hunc
439 555 607 617 conspectum
618 566 727 602 casusve
738 550 834 604 deusve
842 551 954 619 tulisset,

269 614 327 667 Aut
338 616 406 668 ferro
418 617 466 669 hoc
480 617 576 686 (aperit
588 618 687 671 ferrum
699 620 769 687 quod
780 626 852 673 veste
863 620 975 690 latebat)
1058 625 1109 676 280

267 683 435 753 Purpureum
447 688 529 754 patris
542 687 691 740 demsissem
704 689 801 742 vertice
813 690 917 757 crinem,

269 753 326 805 Aut
337 754 404 806 mihi
415 756 537 825 prasenti
548 758 706 825 peperissem
717 758 825 811 vulnere
836 756 939 813 letum”

303 822 357 875 vix
368 823 425 876 haec
436 825 561 891 ediderat,
574 843 656 893 quum
668 827 742 879 clade
754 828 880 881 exterrita
891 829 962 882 tristi

267 891 388 945 Intonsos
399 894 484 946 multo
497 895 620 964 deturpat
633 896 740 964 pulvere
752 898 843 964 crines,

267 960 304 1013 Et
315 963 430 1030 graviter
442 969 537 1031 questu
549 965 640 1017 Oarme
652 966 795 1035 complorat
807 967 889 1020 anili:

270 1029 316 1082 “0
328 1029 395 1082 mihi
406 1047 477 1083 nunc
488 1031 584 1083 iterum
597 1032 709 1085 crudelis
720 1035 822 1086 reddite
834 1035 928 1100 Minos,

268 1098 290 1150 Ο
302 1097 400 1151 iterum
411 1106 506 1152 nostrae
518 1099 605 1152 Minos
617 1100 723 1153 inimice
735 1106 853 1167 senectae,

265 1167 373 1236 Semper
384 1173 411 1221 et
423 1176 471 1222 aut
482 1169 545 1221 olim
556 1174 627 1236 nata,
640 1187 655 1222 o
667 1175 694 1221 te
706 1175 811 1238 proptor
823 1169 943 1238 eundem,

265 1236 322 1289 Aut
334 1255 407 1290 amor
417 1238 516 1290 insanae
528 1239 631 1290 luctum
643 1239 758 1307 portavit
770 1238 891 1291 alumnae.

266 1305 337 1358 Tene
349 1323 396 1374 ego
408 1312 464 1360 tam
475 1307 553 1375 longe
565 1314 643 1376 capta
654 1313 735 1376 atque
747 1313 839 1361 avecta
850 1306 965 1375 nequivi,
1054 1311 1106 1361 290

267 1374 332 1428 Tam
344 1393 424 1443 grave
436 1377 580 1443 servitium,
591 1384 647 1430 tam
659 1377 738 1430 duros
749 1394 826 1445 passa
837 1377 944 1443 labores,

264 1443 395 1513 Effugere,
407 1452 439 1499 ut
451 1447 541 1499 sistam
554 1447 666 1500 exitium
679 1447 784 1499 crudele
795 1445 932 1499 meorum?

263 1514 284 1566 J
285 1531 328 1566 am
337 1516 394 1582 jam
406 1532 455 1567 nec
467 1516 541 1568 uobis
553 1533 591 1584 ea,
604 1533 662 1584 quae
676 1516 827 1583 senioribus,
838 1516 925 1568 ullum

265 1582 346 1651 Copia
358 1584 465 1637 vivendi
476 1585 537 1638 vitae
550 1603 640 1653 genus.
670 1587 708 1639 Ut
720 1585 785 1654 quid
797 1594 845 1653 ego
857 1602 946 1638 amens

263 1651 301 1705 Te
313 1659 410 1722 erepta,
423 1671 438 1707 o
450 1654 610 1723 Britomarti,
622 1673 688 1709 mese
700 1674 758 1724 spes
770 1673 825 1708 una
837 1655 937 1722 salutis,

265 1721 309 1789 Tc,
322 1722 483 1792 Britomarti,
496 1725 565 1777 diem
577 1726 653 1794 potui
664 1726 808 1794 producere
820 1723 903 1777 vitai

263 1791 354 1860 Atque
365 1793 470 1845 utinam
481 1794 559 1847 celeri
570 1812 604 1847 ne
616 1801 722 1848 tautum
734 1800 811 1863 grata
822 1795 915 1848 Dianae

263 1860 383 1913 Venatus
395 1879 462 1915 esses
473 1864 547 1932 virgo
559 1870 658 1917 sectata
670 1866 785 1918 virorum

264 1930 361 1983 Gnosia
372 1949 424 1984 neu
436 1932 534 1984 Partho
547 1934 707 1986 contendeus
719 1934 820 2002 spicula
832 1950 913 1986 cornu

263 1998 378 2052 Dictaeas
390 2018 479 2068 ageres
491 2002 525 2054 ad
537 2003 657 2069 gramina
668 2007 732 2054 nota
744 2002 870 2070 capellas:
1052 2004 1104 2056 ³00

262 2068 414 2138 Nunquam,
427 2076 483 2121 tam
495 2070 590 2123 obnixe
601 2071 706 2139 fugiens
718 2071 815 2122 Minois
826 2088 933 2138 amores,

263 2137 384 2207 Praeceps
396 2140 479 2192 aereis
492 2139 597 2209 specula
610 2140 642 2192 de
654 2139 787 2192 montibus
799 2141 869 2206 isses,

262 2207 339 2261 Unde
351 2208 398 2260 alii
409 2209 507 2276 fugisse
519 2210 616 2277 ferunt,
628 2216 656 2263 et
667 2209 776 2261 numina
788 2208 897 2277 Aphaeae

262 2277 380 2345 Virginis
392 2279 527 2345 assignant
538 2297 543 2331 :
562 2279 616 2345 alii,
626 2296 678 2347 quo
689 2277 776 2330 notior
787 2295 862 2343 esses,

264 2347 426 2414 Dictynnam
439 2348 528 2400 dixere
540 2353 586 2401 tuo
599 2349 631 2400 de
643 2348 748 2400 nomine
760 2347 870 2400 Lunam.

261 2415 321 2469 Sint
334 2417 390 2468 haec
402 2435 464 2469 vera
477 2417 569 2470 velim:
587 2417 654 2469 mihi
666 2423 742 2484 certe,
754 2423 825 2484 nata,
837 2416 936 2486 peristi

260 2486 404 2554 Nunquam
417 2504 464 2554 ego
476 2494 503 2539 te
515 2503 616 2539 summo
629 2487 784 2540 volitantem
795 2487 825 2538 in
836 2486 933 2540 vertice
944 2485 1042 2539 montis

262 2555 399 2623 Hyrcanos
411 2556 481 2608 inter
493 2557 600 2608 comites
613 2573 758 2624 agmenque
770 2557 885 2609 ferarum

262 2625 434 2693 conspiciam,
446 2643 494 2678 nec
507 2633 534 2678 te
546 2626 700 2678 redeuntem
712 2625 834 2694 amplexa
846 2623 947 2678 tenebo.

260 2694 361 2746 Verum
372 2694 429 2748 haec
441 2701 498 2748 tum
509 2696 583 2748 nobis
595 2696 687 2765 gravia
699 2702 781 2766 atque
790 2696 909 2764 indigna.
913 2695 1009 2755 rum,
1059 2694 1124 2738 Ἢ

259 2763 330 2829 Tum,
342 2782 403 2846 mea
414 2764 534 2839 alumna,
546 2767 590 2823 tui
603 2786 692 2842 quum
702 2786 767 2841 spes
774 2768 893 2836 integra.
898 2764 1059 2815 manerem

244 2830 284 2881 Et
297 2848 348 2884 ror
359 2840 413 2890 ista
424 2855 501 2895 meas
515 2842 645 2900 nondum
657 2843 823 2902 vioiauerat
833 2849 933 2893 surm·
