2700 3242
515 252 684 306 AENEIDOS
701 254 768 310 IAB.
788 254 836 309 VI.
1051 258 1101 306 219

256 352 323 417 Quae
335 353 408 420 regio
420 354 559 420 Anchisen,
573 356 632 422 quis
644 355 725 408 habet
737 356 829 408 locust
847 355 918 407 illius
930 372 991 423 ergo
1050 359 1101 409 070

254 422 393 489 Venimus,
405 429 432 474 et
444 441 552 490 magnos
564 425 643 476 Erebi
655 426 818 477 tranavimus
830 425 942 476 amnes.”

253 490 345 559 Atque
357 492 420 543 huic
431 510 585 560 responsum
595 494 688 557 paucis
701 495 739 546 ita
751 495 867 545 reddidit
878 494 970 547 heros:

255 562 357 614 “Nulli
369 568 441 614 certa
453 562 545 614 domus
558 581 563 614 :
582 564 648 616 lucis
661 564 812 615 habitamus
827 561 926 628 opacis,

253 628 436 697 Riparumque
448 635 517 680 toros
529 635 556 680 ct
568 634 644 696 prata
656 629 773 679 recentia
784 628 848 680 rivis

253 696 407 755 Incolimus.
443 697 494 750 Sed
506 715 558 763 vos,
571 699 593 749 si
604 699 657 748 fert
669 698 708 748 ita
721 697 796 748 corde
809 697 939 762 voluntas,

252 766 313 818 Hoc
326 773 448 835 superate
457 770 570 835 jugum:
589 772 616 818 et
627 765 701 817 facili
709 768 766 833 jam
779 766 885 817 tramite
898 763 1010 819 sistam.’'

252 833 339 902 Dixit,
353 842 381 888 et
392 843 454 888 ante
466 837 529 887 tulit
542 853 667 902 gressum,
680 852 836 902 camposque
848 835 963 886 nitentes

251 904 374 973 Desuper
386 912 518 968 ostentat;
536 905 631 956 dehinc
644 921 746 955 summa
759 904 896 956 cacumina
908 905 1040 971 linquunt.

288 973 327 1026 At
338 980 416 1043 pater
426 975 554 1026 Anchises
567 974 673 1041 penitus
686 972 804 1024 convalle
817 973 913 1025 virenti

252 1042 376 1095 Inclusas
388 1044 496 1109 animas,
509 1060 685 1110 superumque
697 1042 732 1093 ad
744 1042 833 1092 lumen
845 1043 937 1109 itmas,
1047 1044 1099 1095 030

252 1111 397 1165 Lustrabat
409 1113 496 1164 studio
507 1113 630 1177 recolens,
643 1128 799 1177 omnemque
811 1128 918 1162 suorum

251 1181 333 1234 Forte
344 1182 496 1234 recensebat
507 1198 655 1247 numerum,
668 1197 792 1247 carosque
804 1187 919 1247 nepotes,

252 1249 383 1319 Fataque,
394 1251 566 1318 fortunasque
578 1250 671 1315 virum,
685 1266 827 1316 moresque,
840 1266 991 1317 manusque

252 1319 332 1388 Isque
345 1319 392 1372 ubi
404 1321 557 1372 tendentem
569 1319 709 1371 adversum
720 1335 767 1386 per
779 1319 900 1383 gramina
912 1319 980 1371 vidit

251 1389 365 1455 AEnean,
378 1389 471 1441 alacris
483 1389 584 1457 palmas
596 1395 722 1454 utrasque
735 1388 865 1452 tetendit-3

250 1457 403 1528 Effusaeque
416 1459 490 1526 genis
502 1458 617 1510 lacrimae
627 1476 634 1522 ;
653 1462 680 1509 et
692 1474 744 1509 vox
757 1457 857 1508 excidit
869 1474 929 1511 ore:

255 1527 384 1578 “Venisti
396 1526 512 1592 tandem,
525 1532 623 1589 tuaque
636 1534 757 1592 spectata
770 1526 873 1593 parenti

251 1594 326 1647 Vicit
337 1595 389 1647 iter
402 1595 497 1646 durum
509 1596 593 1664 pietas
604 1595 613 1648 1
632 1596 712 1647 datur
725 1613 769 1648 ora
781 1597 858 1665 tucri,

249 1663 329 1731 Nate,
343 1671 397 1730 tua,
411 1671 437 1716 et
449 1670 524 1716 notas
537 1665 627 1717 audire
640 1671 667 1716 et
679 1666 786 1717 reddere
799 1667 893 1720 voces?

250 1732 296 1786 sic
308 1734 430 1801 equidem
442 1733 569 1786 ducebam
582 1734 676 1800 animo,
689 1734 815 1802 rebarque
826 1737 956 1804 futurum,
1045 1744 1096 1792 600

249 1803 380 1871 Tempora
391 1803 559 1854 dinumerans
570 1822 577 1867 ;
595 1821 643 1855 nec
656 1822 698 1855 me
710 1822 769 1856 mea
781 1822 844 1857 cura
855 1806 958 1860 fefellit.

251 1872 324 1936 Quas
336 1889 384 1939 ego
395 1879 423 1924 te
435 1878 517 1924 terras
530 1878 557 1924 et
570 1879 670 1940 quanta
683 1891 729 1941 per
742 1891 846 1941 aequora
857 1883 964 1928 vectum

250 1941 376 2009 Accipio!
396 1942 502 2009 quantis
511 1944 652 2010 jactatum,
664 1948 734 2010 nate,
747 1944 867 2011 periclis!

251 2015 339 2078 Quam
350 2017 442 2083 metui,
455 2034 488 2068 ne
503 2015 567 2084 quid
580 2016 669 2084 Libyae
682 2016 731 2068 tibi
743 2033 824 2082 regna
836 2021 959 2066 nocerent
970 2015 994 2071 !’'

249 2084 301 2138 Ille
313 2091 420 2138 autem:
441 2087 455 2113 “
463 2086 520 2138 Tua
534 2103 583 2148 me,
598 2085 707 2148 genitor,
720 2092 768 2136 tua
781 2085 863 2136 tristis
876 2084 969 2151 imago,

247 2150 352 2218 Saepius
365 2167 509 2217 occurrens,
522 2153 578 2203 haec
590 2151 684 2204 limina
696 2151 803 2204 tendere
815 2152 911 2219 adegit.

247 2219 329 2272 Stant
341 2219 395 2272 sale
406 2220 540 2288 Tyrrheno
554 2220 654 2273 classes.
690 2221 732 2274 Da
740 2222 852 2288 jungere
865 2221 994 2289 dextram,

246 2288 298 2355 Da,
310 2289 414 2356 genitor
424 2309 431 2351 ;
448 2296 528 2358 teque
540 2291 665 2358 amplexu
676 2308 711 2342 ne
723 2290 847 2342 subtrahe
859 2288 967 2345 nostro.’'

246 2357 291 2410 Sic
303 2375 450 2411 memorans
462 2359 535 2427 largo
547 2359 613 2411 fletu
625 2360 704 2411 simul
716 2377 761 2412 ora
772 2359 883 2426 rigabat.

246 2427 298 2479 Ter
311 2435 420 2480 conatus
431 2429 469 2480 ibi
482 2428 548 2480 collo
561 2429 622 2480 dare
635 2429 743 2482 brachia
755 2430 870 2482 circum:
1041 2433 1091 2483 700

245 2496 298 2548 Ver
309 2496 408 2550 frustra
420 2515 572 2565 comprensa
584 2515 678 2550 manus
691 2498 784 2564 effugit
796 2498 891 2566 imago,

245 2565 300 2618 Par
313 2565 413 2618 levibus
426 2568 518 2633 ventis,
532 2567 684 2634 volucrique
697 2568 831 2619 simillima
843 2585 940 2621 somno.

281 2634 388 2688 Interea
400 2637 472 2689 videt
484 2637 580 2688 AEneas
592 2637 621 2688 in
632 2637 702 2690 valle
714 2637 823 2689 reducta

244 2704 384 2759 Seclusum
395 2723 494 2773 nemus,
508 2712 535 2758 et
547 2706 664 2774 virguita
676 2706 802 2762 sonantia
814 2706 901 2778 sitris,

239 2773 432 2840 lethumque
446 2774 536 2829 domos
546 2776 671 2847 placidas
686 2781 735 2856 qui
748 2787 902 2856 pranatat,
912 2795 1039 2838 annum
