2700 3242
509 315 675 369 AENEIDOS
691 314 762 370 LIB.
779 317 842 372 XII.
1050 321 1101 371 363

252 418 279 471 N
280 435 323 472 am
335 419 400 486 quid
412 436 462 486 ago
474 418 484 470 l
502 423 550 471 aut
563 436 622 486 quse
631 421 689 487 jam
702 419 813 488 spondet
823 421 932 473 fortuna
944 418 1077 472 soluteml

252 487 317 539 Vidi
329 489 416 539 oculos
429 493 491 540 ante
504 488 559 555 ipse
570 506 641 541 meos
652 505 695 540 mo
708 506 769 540 voce
781 495 919 542 vocantem

252 555 418 623 Murranum,
431 574 483 625 quo
496 574 549 608 non
562 564 668 626 superat
680 558 746 609 mihi
759 559 842 609 carior
854 559 928 624 alter,

254 625 384 694 Oppetore
396 627 532 692 ingentem
544 633 624 693 atque
637 627 740 694 ingenti
752 628 861 679 vulnere
873 629 981 682 victum.
1049 630 1101 680 640

255 694 359 746 Occidit
371 695 473 761 infelix,
485 712 519 746 ne
531 702 651 747 nostrum
663 696 776 748 dedecus
790 697 873 748 Ufens

252 764 389 832 Aspioeret
401 783 408 828 ;
426 764 520 816 Teucri
532 765 673 832 potiuntur
685 783 790 833 corpore
803 772 831 817 et
842 765 929 818 annis.

252 832 414 885 Exscindine
427 833 523 899 domos,
536 834 563 884 id
576 835 653 885 rebus
666 835 752 886 defuit
764 852 856 900 unum,

252 900 409 970 Perpetiarl
428 903 523 954 dextra
534 920 583 954 nec
595 902 707 954 Drancis
719 904 791 955 dicta
802 904 922 956 refellam
934 903 944 955 l

253 970 338 1039 Terga
351 972 417 1023 dabo
430 971 439 1024 l
458 978 485 1023 et
497 972 616 1023 Turnum
628 972 775 1039 fugientem
786 973 843 1025 haec
855 980 926 1025 terra
937 973 1059 1026 videbitl

253 1040 344 1108 Usque
356 1041 455 1093 adeone
467 1041 534 1092 mori
547 1041 670 1092 miserum
684 1048 723 1093 est
733 1042 743 1094 l
761 1059 806 1094 vos
818 1059 833 1094 o
845 1042 912 1093 mihi
923 1042 1018 1095 Mones

252 1109 316 1162 Este
328 1110 405 1162 boni:
424 1110 548 1178 quoniam
561 1111 660 1178 superis
673 1128 763 1163 aversa
776 1112 906 1164 voluntas.

253 1178 351 1231 Sancta
363 1180 397 1230 ad
410 1197 455 1231 vos
468 1179 565 1245 anima,
578 1185 657 1247 atque
670 1180 747 1231 istius
759 1180 842 1232 inscia
854 1182 938 1249 culpoe

252 1246 423 1313 Descendam,
436 1266 591 1316 magnorum
603 1248 675 1299 haud
688 1266 806 1316 unquam
818 1250 943 1317 indignus
955 1245 1087 1302 avorum.”

289 1318 342 1369 Vix
354 1335 385 1369 ea
397 1318 469 1369 fatus
481 1324 553 1369 erat:
571 1318 670 1369 medios
683 1318 755 1369 volat
767 1335 826 1369 ecoe
838 1336 884 1386 per
895 1319 983 1371 hostes
1048 1323 1099 1371 650

252 1386 352 1438 Vectus
365 1403 432 1455 equo
445 1392 584 1454 spumante
597 1387 681 1452 Saces,
694 1387 803 1437 adversa
816 1387 913 1453 sagitta

253 1455 364 1508 Saucius
377 1472 430 1522 ora,
441 1456 548 1523 ruitque
560 1455 703 1523 implorans
715 1456 820 1506 nomine
832 1457 970 1509 Turnum:

256 1529 271 1556 “
279 1527 372 1591 Turno,
385 1526 413 1576 in
425 1530 453 1577 te
465 1541 586 1592 suprema
598 1524 668 1575 salus
681 1542 687 1586 ;
707 1525 826 1578 miserere
838 1533 953 1581 tuorum.

253 1591 391 1644 Fulminat
403 1590 500 1641 AEneas
512 1589 600 1655 armis,
613 1605 779 1656 summasque
791 1589 909 1640 minatur

252 1661 424 1728 Dejecturum
436 1676 507 1711 arces
520 1658 627 1724 Italum,
640 1657 795 1725 excidioque
808 1658 933 1709 daturum
946 1675 952 1719 ;

252 1729 369 1796 Jamque
380 1729 450 1780 faces
462 1728 496 1780 ad
509 1732 580 1780 tecta
591 1727 689 1780 volant.
726 1728 759 1778 In
772 1733 799 1779 te
812 1745 857 1780 ora
869 1727 966 1793 Latini,

256 1799 289 1851 In
301 1804 328 1851 te
340 1798 428 1850 oculos
439 1797 572 1849 referunt:
590 1802 692 1848 mussat
704 1814 751 1848 rex
764 1797 774 1848 i
795 1814 822 1849 se
834 1797 952 1862 Latinus,

254 1869 324 1932 Quos
336 1884 444 1935 generos
456 1872 538 1932 vocet,
551 1871 599 1918 aut
612 1883 671 1933 quse
685 1883 767 1918 soson
798 1866 896 1918 foedera
907 1865 1003 1919 flectat.

253 1937 385 1989 Praeterea
396 1935 495 2002 regina,
509 1935 550 1986 tui
560 1935 694 2002 fidissima,
707 1935 802 1986 dextra

253 2006 358 2058 Occidit
369 2005 427 2074 ipsa
440 2022 494 2070 sua,
507 2004 645 2072 lucemque
657 2004 784 2055 exterrita
795 2003 875 2071 fugit.
1045 2005 1098 2054 660

253 2075 308 2129 Soli
319 2092 366 2143 pro
378 2074 461 2143 portis
474 2074 611 2141 Messapus
623 2079 651 2125 et
663 2090 724 2124 acer
735 2072 830 2124 Atinas

253 2145 411 2198 Sustentant
424 2143 514 2195 aciem.
546 2143 651 2194 Circum
663 2142 710 2194 hos
722 2142 856 2208 utrimque
867 2139 1012 2208 phalanges

253 2214 332 2266 Stant
344 2214 441 2280 densae,
455 2212 605 2279 strictisque
618 2228 690 2279 seges
702 2209 871 2261 mucronibus
883 2210 972 2262 horret

252 2283 366 2336 Ferrea:
384 2290 415 2335 tu
427 2299 534 2334 currum
546 2281 647 2333 deserto
660 2282 689 2332 in
700 2280 819 2347 gramine
832 2280 941 2332 versos”

253 2353 398 2421 Obstupuit
410 2351 483 2405 varia
495 2351 620 2403 confusus
631 2351 747 2416 imagine
759 2366 848 2400 rerum

253 2423 366 2487 Turnus,
379 2426 406 2473 et
418 2420 514 2473 obtutu
526 2421 608 2472 tacito
621 2420 702 2472 stetit.
732 2419 840 2470 AEstuat
852 2417 946 2484 ingens

252 2491 313 2544 Uno
325 2492 353 2542 in
365 2491 442 2543 corde
454 2490 545 2558 pudor,
557 2489 695 2556 mixtoque
707 2489 810 2539 insania
822 2487 905 2554 luctu,

253 2561 290 2614 Et
302 2560 389 2612 Furiis
402 2560 519 2627 agitatus
532 2576 611 2625 amor,
624 2565 651 2610 ct
663 2558 766 2610 conscia
778 2557 869 2608 virtus.

252 2629 291 2682 Ut
303 2630 418 2697 primum
431 2629 553 2680 discussae
565 2626 672 2694 umbros,
686 2634 712 2679 et
725 2627 773 2677 lux
785 2626 889 2677 reddita
899 2624 992 2693 menti,

252 2699 384 2751 Ardentes
396 2699 530 2751 oculorum
543 2696 615 2750 orbes
628 2698 662 2749 ad
673 2697 772 2748 moenia
784 2695 861 2747 torsit
1044 2695 1094 2746 6Ἰο

253 2767 393 2835 Turbidus,
405 2784 471 2836 eque
482 2767 546 2820 rotis
558 2783 686 2836 magnam
695 2765 817 2836 respenit
827 2764 868 2816 od
873 2762 986 2815 ur‘oenu

247 2837 317 2889 Ecce
327 2841 424 2906 autem,
436 2836 555 2895 flammis
566 2838 641 2895 inter
652 2838 787 2896 obnata
796 2835 917 2892 uolutus
