<?xml version="1.0" encoding="UTF-8"?>
<!DOCTYPE html PUBLIC "-//W3C//DTD XHTML 1.0 Transitional//EN"
    "http://www.w3.org/TR/xhtml1/DTD/xhtml1-transitional.dtd">
<html xmlns="http://www.w3.org/1999/xhtml" xml:lang="en" lang="en">
 <head>
  <title>
</title>
<meta http-equiv="Content-Type" content="text/html;charset=utf-8" />
  <meta name='ocr-system' content='tesseract 3.04.00' />
  <meta name='ocr-capabilities' content='ocr_page ocr_carea ocr_par ocr_line ocrx_word'/>
</head>
<body>
  <div class='ocr_page' id='page_1' title='image "./operaomnia00virggoog/operaomnia00virggoog_0314.png"; bbox 0 0 2700 3242; ppageno 0'>
   <div class='ocr_carea' id='block_1_1' title="bbox 287 308 900 373">
    <p class='ocr_par' dir='ltr' id='par_1_1' title="bbox 287 308 900 373">
     <span class='ocr_line' id='line_1_1' title="bbox 287 308 900 373; baseline -0.02 -1"><span class='ocrx_word' id='word_1_1' title='bbox 287 319 340 373; x_wconf 81' lang='lat'>310</span> <span class='ocrx_word' id='word_1_2' title='bbox 523 312 552 366; x_wconf 88' lang='lat' dir='ltr'>P.</span> <span class='ocrx_word' id='word_1_3' title='bbox 564 310 720 366; x_wconf 81' lang='lat' dir='ltr'>VIRGILII</span> <span class='ocrx_word' id='word_1_4' title='bbox 738 308 900 362; x_wconf 70' lang='lat' dir='ltr'>Mauortis</span> 
     </span>
    </p>
   </div>
   <div class='ocr_carea' id='block_1_2' title="bbox 258 408 1128 2826">
    <p class='ocr_par' dir='ltr' id='par_1_2' title="bbox 288 408 970 482">
     <span class='ocr_line' id='line_1_2' title="bbox 288 408 970 482; baseline -0.012 -12"><span class='ocrx_word' id='word_1_5' title='bbox 288 419 356 471; x_wconf 68' lang='lat' dir='ltr'>uum</span> <span class='ocrx_word' id='word_1_6' title='bbox 367 414 482 470; x_wconf 87' lang='lat' dir='ltr'>latebras</span> <span class='ocrx_word' id='word_1_7' title='bbox 494 413 596 480; x_wconf 86' lang='lat' dir='ltr'>animae,</span> <span class='ocrx_word' id='word_1_8' title='bbox 608 418 702 482; x_wconf 81' lang='lat' dir='ltr'>pectus</span> <span class='ocrx_word' id='word_1_9' title='bbox 713 427 838 464; x_wconf 88' lang='lat' dir='ltr'>mucrone</span> <span class='ocrx_word' id='word_1_10' title='bbox 849 408 970 462; x_wconf 80' lang='lat' dir='ltr'>recludit</span> 
     </span>
    </p>

    <p class='ocr_par' dir='ltr' id='par_1_3' title="bbox 288 481 856 554">
     <span class='ocr_line' id='line_1_3' title="bbox 288 481 856 554; baseline -0.014 -15"><span class='ocrx_word' id='word_1_11' title='bbox 288 488 364 540; x_wconf 77' lang='lat' dir='ltr'>Talia</span> <span class='ocrx_word' id='word_1_12' title='bbox 375 503 422 554; x_wconf 85' lang='lat' dir='ltr'>per</span> <span class='ocrx_word' id='word_1_13' title='bbox 434 501 539 553; x_wconf 85' lang='lat' dir='ltr'>campos</span> <span class='ocrx_word' id='word_1_14' title='bbox 551 481 645 536; x_wconf 78' lang='lat' dir='ltr'>edebat</span> <span class='ocrx_word' id='word_1_15' title='bbox 656 482 751 533; x_wconf 86' lang='lat' dir='ltr'>funera</span> <span class='ocrx_word' id='word_1_16' title='bbox 763 481 856 532; x_wconf 86' lang='lat' dir='ltr'>ductor</span> 
     </span>
    </p>

    <p class='ocr_par' dir='ltr' id='par_1_4' title="bbox 288 547 916 622">
     <span class='ocr_line' id='line_1_4' title="bbox 288 547 916 622; baseline -0.014 -14"><span class='ocrx_word' id='word_1_17' title='bbox 288 555 447 622; x_wconf 87' lang='lat' dir='ltr'>Dardanius,</span> <span class='ocrx_word' id='word_1_18' title='bbox 459 553 583 606; x_wconf 89' lang='lat' dir='ltr'>torrentis</span> <span class='ocrx_word' id='word_1_19' title='bbox 595 567 670 620; x_wconf 83' lang='lat' dir='ltr'>aquae</span> <span class='ocrx_word' id='word_1_20' title='bbox 683 550 726 603; x_wconf 82' lang='lat' dir='ltr'>vel</span> <span class='ocrx_word' id='word_1_21' title='bbox 738 549 852 601; x_wconf 87' lang='lat' dir='ltr'>turbinis</span> <span class='ocrx_word' id='word_1_22' title='bbox 863 547 916 600; x_wconf 89' lang='lat' dir='ltr'>atri</span> 
     </span>
    </p>

    <p class='ocr_par' dir='ltr' id='par_1_5' title="bbox 288 615 1090 761">
     <span class='ocr_line' id='line_1_5' title="bbox 288 615 1090 689; baseline -0.009 -12"><span class='ocrx_word' id='word_1_23' title='bbox 288 624 363 678; x_wconf 90' lang='lat' dir='ltr'>More</span> <span class='ocrx_word' id='word_1_24' title='bbox 375 624 472 676; x_wconf 83' lang='lat' dir='ltr'>furens.</span> <span class='ocrx_word' id='word_1_25' title='bbox 502 621 620 674; x_wconf 78' lang='lat' dir='ltr'>Tandem</span> <span class='ocrx_word' id='word_1_26' title='bbox 631 625 783 689; x_wconf 89' lang='lat' dir='ltr'>erumpunt,</span> <span class='ocrx_word' id='word_1_27' title='bbox 793 623 821 670; x_wconf 90' lang='lat' dir='ltr'>et</span> <span class='ocrx_word' id='word_1_28' title='bbox 830 623 918 670; x_wconf 86' lang='lat' dir='ltr'>castra</span> <span class='ocrx_word' id='word_1_29' title='bbox 929 615 1090 686; x_wconf 84' lang='lat' dir='ltr'>relinquunt</span> 
     </span>
     <span class='ocr_line' id='line_1_6' title="bbox 288 687 986 761; baseline -0.009 -15"><span class='ocrx_word' id='word_1_30' title='bbox 288 693 418 746; x_wconf 85' lang='lat' dir='ltr'>Ascanius</span> <span class='ocrx_word' id='word_1_31' title='bbox 430 709 496 761; x_wconf 89' lang='lat' dir='ltr'>puer</span> <span class='ocrx_word' id='word_1_32' title='bbox 507 697 535 744; x_wconf 89' lang='lat' dir='ltr'>et</span> <span class='ocrx_word' id='word_1_33' title='bbox 547 690 727 757; x_wconf 86' lang='lat' dir='ltr'>nequidquam</span> <span class='ocrx_word' id='word_1_34' title='bbox 738 687 841 739; x_wconf 86' lang='lat' dir='ltr'>obsessa</span> <span class='ocrx_word' id='word_1_35' title='bbox 849 687 986 754; x_wconf 72' lang='lat' dir='ltr'>juvenum</span> 
     </span>
    </p>

    <p class='ocr_par' dir='ltr' id='par_1_6' title="bbox 323 755 966 828">
     <span class='ocr_line' id='line_1_7' title="bbox 323 755 966 828; baseline -0.012 -13"><span class='ocrx_word' id='word_1_36' title='bbox 323 763 459 816; x_wconf 85' lang='lat' dir='ltr'>Junonem</span> <span class='ocrx_word' id='word_1_37' title='bbox 470 761 572 813; x_wconf 88' lang='lat' dir='ltr'>interea</span> <span class='ocrx_word' id='word_1_38' title='bbox 584 757 725 828; x_wconf 85' lang='lat' dir='ltr'>compellat</span> <span class='ocrx_word' id='word_1_39' title='bbox 737 756 846 825; x_wconf 78' lang='lat' dir='ltr'>Jupiter</span> <span class='ocrx_word' id='word_1_40' title='bbox 856 755 944 808; x_wconf 85' lang='lat' dir='ltr'>ultro:</span> <span class='ocrx_word' id='word_1_41' title='bbox 963 789 966 792; x_wconf 85' lang='lat'><em>-</em></span> 
     </span>
    </p>

    <p class='ocr_par' dir='ltr' id='par_1_7' title="bbox 292 827 1028 897">
     <span class='ocr_line' id='line_1_8' title="bbox 292 827 1028 897; baseline -0.008 -13"><span class='ocrx_word' id='word_1_42' title='bbox 292 831 337 884; x_wconf 81' lang='lat'>“0</span> <span class='ocrx_word' id='word_1_43' title='bbox 349 847 475 896; x_wconf 82' lang='lat' dir='ltr'>germana</span> <span class='ocrx_word' id='word_1_44' title='bbox 486 830 553 881; x_wconf 90' lang='lat' dir='ltr'>mihi</span> <span class='ocrx_word' id='word_1_45' title='bbox 565 836 645 897; x_wconf 88' lang='lat' dir='ltr'>atque</span> <span class='ocrx_word' id='word_1_46' title='bbox 657 829 748 880; x_wconf 85' lang='lat' dir='ltr'>eadem</span> <span class='ocrx_word' id='word_1_47' title='bbox 760 827 908 894; x_wconf 85' lang='lat' dir='ltr'>gratissima</span> <span class='ocrx_word' id='word_1_48' title='bbox 920 827 1028 895; x_wconf 88' lang='lat' dir='ltr'>conjux,</span> 
     </span>
    </p>

    <p class='ocr_par' dir='ltr' id='par_1_8' title="bbox 290 894 925 958">
     <span class='ocr_line' id='line_1_9' title="bbox 290 894 925 958; baseline 0 -12"><span class='ocrx_word' id='word_1_49' title='bbox 290 894 328 946; x_wconf 89' lang='lat' dir='ltr'>Ut</span> <span class='ocrx_word' id='word_1_50' title='bbox 339 894 437 958; x_wconf 84' lang='lat' dir='ltr'>rebare,</span> <span class='ocrx_word' id='word_1_51' title='bbox 451 895 623 948; x_wconf 87' lang='lat' dir='ltr'>Venus—nec</span> <span class='ocrx_word' id='word_1_52' title='bbox 635 900 662 947; x_wconf 93' lang='lat' dir='ltr'>te</span> <span class='ocrx_word' id='word_1_53' title='bbox 675 896 806 947; x_wconf 88' lang='lat' dir='ltr'>sententia</span> <span class='ocrx_word' id='word_1_54' title='bbox 818 895 925 947; x_wconf 84' lang='lat' dir='ltr'>fallit-</span> 
     </span>
    </p>

    <p class='ocr_par' dir='ltr' id='par_1_9' title="bbox 289 962 900 1034">
     <span class='ocr_line' id='line_1_10' title="bbox 289 962 900 1034; baseline 0.005 -21"><span class='ocrx_word' id='word_1_55' title='bbox 289 962 414 1029; x_wconf 77' lang='lat' dir='ltr'>Trojanas</span> <span class='ocrx_word' id='word_1_56' title='bbox 427 969 558 1015; x_wconf 82' lang='lat' dir='ltr'>sustentat</span> <span class='ocrx_word' id='word_1_57' title='bbox 570 981 646 1034; x_wconf 86' lang='lat' dir='ltr'>opes:</span> <span class='ocrx_word' id='word_1_58' title='bbox 665 981 718 1016; x_wconf 91' lang='lat' dir='ltr'>non</span> <span class='ocrx_word' id='word_1_59' title='bbox 732 965 820 1017; x_wconf 85' lang='lat' dir='ltr'>vivida</span> <span class='ocrx_word' id='word_1_60' title='bbox 831 964 900 1016; x_wconf 87' lang='lat' dir='ltr'>bello</span> 
     </span>
    </p>

    <p class='ocr_par' dir='ltr' id='par_1_10' title="bbox 286 1027 1128 1446">
     <span class='ocr_line' id='line_1_11' title="bbox 286 1027 1128 1100; baseline -0.002 -19"><span class='ocrx_word' id='word_1_61' title='bbox 286 1028 388 1082; x_wconf 83' lang='lat' dir='ltr'>Dextra</span> <span class='ocrx_word' id='word_1_62' title='bbox 400 1031 469 1096; x_wconf 86' lang='lat' dir='ltr'>viris,</span> <span class='ocrx_word' id='word_1_63' title='bbox 482 1032 636 1100; x_wconf 89' lang='lat' dir='ltr'>animusque</span> <span class='ocrx_word' id='word_1_64' title='bbox 648 1032 730 1096; x_wconf 85' lang='lat' dir='ltr'>ferox,</span> <span class='ocrx_word' id='word_1_65' title='bbox 742 1032 896 1098; x_wconf 89' lang='lat' dir='ltr'>patiensque</span> <span class='ocrx_word' id='word_1_66' title='bbox 907 1027 1026 1098; x_wconf 83' lang='lat' dir='ltr'>pericli”</span> <span class='ocrx_word' id='word_1_67' title='bbox 1078 1029 1128 1080; x_wconf 80' lang='lat' dir='ltr'>uio</span> 
     </span>
     <span class='ocr_line' id='line_1_12' title="bbox 287 1098 1030 1168; baseline 0.001 -19"><span class='ocrx_word' id='word_1_68' title='bbox 287 1098 334 1150; x_wconf 80' lang='lat' dir='ltr'>Cui</span> <span class='ocrx_word' id='word_1_69' title='bbox 347 1099 420 1151; x_wconf 84' lang='lat' dir='ltr'>June</span> <span class='ocrx_word' id='word_1_70' title='bbox 433 1100 577 1155; x_wconf 88' lang='lat' dir='ltr'>submissa:</span> <span class='ocrx_word' id='word_1_71' title='bbox 596 1103 610 1127; x_wconf 86' lang='lat'><strong>“</strong></span> <span class='ocrx_word' id='word_1_72' title='bbox 619 1101 697 1164; x_wconf 84' lang='lat' dir='ltr'>Quid,</span> <span class='ocrx_word' id='word_1_73' title='bbox 709 1115 724 1151; x_wconf 92' lang='grc' dir='ltr'>ο</span> <span class='ocrx_word' id='word_1_74' title='bbox 736 1099 911 1168; x_wconf 85' lang='lat' dir='ltr'>pulcherrime</span> <span class='ocrx_word' id='word_1_75' title='bbox 922 1101 1030 1166; x_wconf 84' lang='lat' dir='ltr'>conjux,</span> 
     </span>
     <span class='ocr_line' id='line_1_13' title="bbox 288 1166 1056 1236; baseline 0.001 -16"><span class='ocrx_word' id='word_1_76' title='bbox 288 1166 419 1220; x_wconf 82' lang='lat' dir='ltr'>Sollicitas</span> <span class='ocrx_word' id='word_1_77' title='bbox 431 1186 528 1236; x_wconf 84' lang='lat' dir='ltr'>aegram</span> <span class='ocrx_word' id='word_1_78' title='bbox 540 1177 567 1220; x_wconf 90' lang='lat' dir='ltr'>et</span> <span class='ocrx_word' id='word_1_79' title='bbox 579 1175 627 1221; x_wconf 89' lang='lat' dir='ltr'>tua</span> <span class='ocrx_word' id='word_1_80' title='bbox 638 1170 726 1221; x_wconf 87' lang='lat' dir='ltr'>tristia</span> <span class='ocrx_word' id='word_1_81' title='bbox 738 1171 809 1221; x_wconf 88' lang='lat' dir='ltr'>dicta</span> <span class='ocrx_word' id='word_1_82' title='bbox 821 1168 980 1222; x_wconf 68' lang='lat' dir='ltr'>timentem?</span> <span class='ocrx_word' id='word_1_83' title='bbox 1054 1179 1056 1184; x_wconf 82' lang='lat'>&#39;</span> 
     </span>
     <span class='ocr_line' id='line_1_14' title="bbox 287 1236 1068 1307; baseline 0.004 -19"><span class='ocrx_word' id='word_1_84' title='bbox 287 1236 316 1288; x_wconf 80' lang='lat' dir='ltr'>si</span> <span class='ocrx_word' id='word_1_85' title='bbox 328 1238 401 1303; x_wconf 92' lang='lat' dir='ltr'>mibi,</span> <span class='ocrx_word' id='word_1_86' title='bbox 415 1255 474 1305; x_wconf 86' lang='lat' dir='ltr'>quae</span> <span class='ocrx_word' id='word_1_87' title='bbox 487 1239 619 1307; x_wconf 90' lang='lat' dir='ltr'>quondam</span> <span class='ocrx_word' id='word_1_88' title='bbox 630 1239 725 1304; x_wconf 84' lang='lat' dir='ltr'>fuerat,</span> <span class='ocrx_word' id='word_1_89' title='bbox 738 1255 870 1306; x_wconf 87' lang='lat' dir='ltr'>quamque</span> <span class='ocrx_word' id='word_1_90' title='bbox 882 1255 937 1290; x_wconf 84' lang='lat' dir='ltr'>esse</span> <span class='ocrx_word' id='word_1_91' title='bbox 948 1237 1068 1306; x_wconf 81' lang='lat' dir='ltr'>decebat,</span> 
     </span>
     <span class='ocr_line' id='line_1_15' title="bbox 288 1305 1039 1376; baseline 0.004 -19"><span class='ocrx_word' id='word_1_92' title='bbox 288 1305 335 1357; x_wconf 87' lang='lat' dir='ltr'>Vis</span> <span class='ocrx_word' id='word_1_93' title='bbox 347 1307 375 1358; x_wconf 91' lang='lat' dir='ltr'>in</span> <span class='ocrx_word' id='word_1_94' title='bbox 388 1324 475 1360; x_wconf 88' lang='lat' dir='ltr'>amore</span> <span class='ocrx_word' id='word_1_95' title='bbox 486 1308 571 1370; x_wconf 85' lang='lat' dir='ltr'>foret;</span> <span class='ocrx_word' id='word_1_96' title='bbox 589 1326 642 1360; x_wconf 89' lang='lat' dir='ltr'>non</span> <span class='ocrx_word' id='word_1_97' title='bbox 654 1309 704 1359; x_wconf 87' lang='lat' dir='ltr'>hoc</span> <span class='ocrx_word' id='word_1_98' title='bbox 716 1308 782 1359; x_wconf 90' lang='lat' dir='ltr'>mihi</span> <span class='ocrx_word' id='word_1_99' title='bbox 794 1325 909 1374; x_wconf 90' lang='lat' dir='ltr'>namque</span> <span class='ocrx_word' id='word_1_100' title='bbox 920 1324 1039 1376; x_wconf 78' lang='lat' dir='ltr'>negares,</span> 
     </span>
     <span class='ocr_line' id='line_1_16' title="bbox 288 1374 987 1446; baseline 0.001 -19"><span class='ocrx_word' id='word_1_101' title='bbox 288 1374 466 1444; x_wconf 83' lang='lat' dir='ltr'>Omnipotens,</span> <span class='ocrx_word' id='word_1_102' title='bbox 479 1378 543 1444; x_wconf 89' lang='lat' dir='ltr'>quin</span> <span class='ocrx_word' id='word_1_103' title='bbox 556 1383 582 1430; x_wconf 88' lang='lat' dir='ltr'>et</span> <span class='ocrx_word' id='word_1_104' title='bbox 595 1395 692 1446; x_wconf 83' lang='lat' dir='ltr'>pugnae</span> <span class='ocrx_word' id='word_1_105' title='bbox 705 1378 848 1429; x_wconf 90' lang='lat' dir='ltr'>subducere</span> <span class='ocrx_word' id='word_1_106' title='bbox 860 1377 987 1446; x_wconf 83' lang='lat' dir='ltr'>Tumnm,</span> 
     </span>
    </p>

    <p class='ocr_par' dir='ltr' id='par_1_11' title="bbox 286 1444 943 1515">
     <span class='ocr_line' id='line_1_17' title="bbox 286 1444 943 1515; baseline 0.005 -19"><span class='ocrx_word' id='word_1_107' title='bbox 286 1444 323 1497; x_wconf 85' lang='lat' dir='ltr'>Et</span> <span class='ocrx_word' id='word_1_108' title='bbox 335 1446 428 1497; x_wconf 90' lang='lat' dir='ltr'>Dauno</span> <span class='ocrx_word' id='word_1_109' title='bbox 441 1464 541 1514; x_wconf 86' lang='lat' dir='ltr'>possem</span> <span class='ocrx_word' id='word_1_110' title='bbox 554 1447 712 1498; x_wconf 90' lang='lat' dir='ltr'>incolumem</span> <span class='ocrx_word' id='word_1_111' title='bbox 724 1463 826 1498; x_wconf 86' lang='lat' dir='ltr'>servare</span> <span class='ocrx_word' id='word_1_112' title='bbox 838 1447 943 1515; x_wconf 80' lang='lat' dir='ltr'>parenti</span> 
     </span>
    </p>

    <p class='ocr_par' dir='ltr' id='par_1_12' title="bbox 286 1512 1010 1585">
     <span class='ocr_line' id='line_1_18' title="bbox 286 1512 1010 1585; baseline 0.006 -20"><span class='ocrx_word' id='word_1_113' title='bbox 286 1512 313 1565; x_wconf 90' lang='lat' dir='ltr'>N</span> <span class='ocrx_word' id='word_1_114' title='bbox 314 1532 366 1566; x_wconf 92' lang='lat' dir='ltr'>unc</span> <span class='ocrx_word' id='word_1_115' title='bbox 379 1521 476 1582; x_wconf 83' lang='lat' dir='ltr'>pereat,</span> <span class='ocrx_word' id='word_1_116' title='bbox 489 1515 646 1584; x_wconf 85' lang='lat' dir='ltr'>Teucrisque</span> <span class='ocrx_word' id='word_1_117' title='bbox 658 1517 702 1584; x_wconf 91' lang='lat' dir='ltr'>pio</span> <span class='ocrx_word' id='word_1_118' title='bbox 715 1516 760 1569; x_wconf 91' lang='lat' dir='ltr'>det</span> <span class='ocrx_word' id='word_1_119' title='bbox 772 1517 900 1583; x_wconf 82' lang='lat' dir='ltr'>sanguine</span> <span class='ocrx_word' id='word_1_120' title='bbox 911 1533 1010 1585; x_wconf 82' lang='lat' dir='ltr'>poenaa</span> 
     </span>
    </p>

    <p class='ocr_par' dir='ltr' id='par_1_13' title="bbox 286 1581 939 1722">
     <span class='ocr_line' id='line_1_19' title="bbox 286 1581 886 1652; baseline 0.002 -18"><span class='ocrx_word' id='word_1_121' title='bbox 286 1581 336 1634; x_wconf 91' lang='lat' dir='ltr'>Ille</span> <span class='ocrx_word' id='word_1_122' title='bbox 349 1590 438 1636; x_wconf 85' lang='lat' dir='ltr'>tamen</span> <span class='ocrx_word' id='word_1_123' title='bbox 450 1591 539 1636; x_wconf 85' lang='lat' dir='ltr'>nostra</span> <span class='ocrx_word' id='word_1_124' title='bbox 551 1585 659 1638; x_wconf 78' lang='lat' dir='ltr'>deducit</span> <span class='ocrx_word' id='word_1_125' title='bbox 671 1586 770 1652; x_wconf 84' lang='lat' dir='ltr'>origine</span> <span class='ocrx_word' id='word_1_126' title='bbox 782 1602 886 1651; x_wconf 86' lang='lat' dir='ltr'>numen,</span> 
     </span>
     <span class='ocr_line' id='line_1_20' title="bbox 286 1650 939 1722; baseline 0.005 -19"><span class='ocrx_word' id='word_1_127' title='bbox 286 1650 476 1721; x_wconf 73' lang='lat' dir='ltr'>Pilumnusque</span> <span class='ocrx_word' id='word_1_128' title='bbox 489 1654 529 1704; x_wconf 89' lang='lat' dir='ltr'>illi</span> <span class='ocrx_word' id='word_1_129' title='bbox 542 1662 651 1722; x_wconf 88' lang='lat' dir='ltr'>quartus</span> <span class='ocrx_word' id='word_1_130' title='bbox 664 1662 753 1722; x_wconf 88' lang='lat' dir='ltr'>pater;</span> <span class='ocrx_word' id='word_1_131' title='bbox 766 1661 793 1706; x_wconf 91' lang='lat' dir='ltr'>et</span> <span class='ocrx_word' id='word_1_132' title='bbox 805 1661 852 1706; x_wconf 88' lang='lat' dir='ltr'>tua</span> <span class='ocrx_word' id='word_1_133' title='bbox 865 1654 939 1722; x_wconf 81' lang='lat' dir='ltr'>larga</span> 
     </span>
    </p>

    <p class='ocr_par' dir='ltr' id='par_1_14' title="bbox 287 1719 1125 1859">
     <span class='ocr_line' id='line_1_21' title="bbox 287 1719 1125 1788; baseline 0.013 -20"><span class='ocrx_word' id='word_1_134' title='bbox 287 1719 360 1785; x_wconf 80' lang='lat' dir='ltr'>Saepe</span> <span class='ocrx_word' id='word_1_135' title='bbox 372 1736 452 1769; x_wconf 91' lang='lat' dir='ltr'>manu</span> <span class='ocrx_word' id='word_1_136' title='bbox 465 1723 607 1788; x_wconf 91' lang='lat' dir='ltr'>multisque</span> <span class='ocrx_word' id='word_1_137' title='bbox 619 1723 738 1773; x_wconf 88' lang='lat' dir='ltr'>oneravit</span> <span class='ocrx_word' id='word_1_138' title='bbox 750 1722 843 1774; x_wconf 87' lang='lat' dir='ltr'>limina</span> <span class='ocrx_word' id='word_1_139' title='bbox 855 1723 957 1777; x_wconf 88' lang='lat' dir='ltr'>donis.’&#39;</span> <span class='ocrx_word' id='word_1_140' title='bbox 1075 1731 1125 1779; x_wconf 72' lang='lat'>620</span> 
     </span>
     <span class='ocr_line' id='line_1_22' title="bbox 288 1786 905 1859; baseline 0.013 -23"><span class='ocrx_word' id='word_1_141' title='bbox 288 1786 336 1837; x_wconf 82' lang='lat' dir='ltr'>Cui</span> <span class='ocrx_word' id='word_1_142' title='bbox 349 1804 395 1838; x_wconf 85' lang='lat' dir='ltr'>rex</span> <span class='ocrx_word' id='word_1_143' title='bbox 409 1788 511 1840; x_wconf 90' lang='lat' dir='ltr'>aetberii</span> <span class='ocrx_word' id='word_1_144' title='bbox 524 1789 636 1841; x_wconf 86' lang='lat' dir='ltr'>breviter</span> <span class='ocrx_word' id='word_1_145' title='bbox 648 1791 685 1841; x_wconf 87' lang='lat' dir='ltr'>sie</span> <span class='ocrx_word' id='word_1_146' title='bbox 697 1791 769 1842; x_wconf 81' lang='lat' dir='ltr'>fatur</span> <span class='ocrx_word' id='word_1_147' title='bbox 781 1792 886 1859; x_wconf 83' lang='lat' dir='ltr'>Olympi</span> <span class='ocrx_word' id='word_1_148' title='bbox 899 1811 905 1845; x_wconf 90' lang='lat'><strong>:</strong></span> 
     </span>
    </p>

    <p class='ocr_par' dir='ltr' id='par_1_15' title="bbox 288 1856 909 1928">
     <span class='ocr_line' id='line_1_23' title="bbox 288 1856 909 1928; baseline 0.013 -24"><span class='ocrx_word' id='word_1_149' title='bbox 288 1857 301 1880; x_wconf 88' lang='lat'><strong>“</strong></span> <span class='ocrx_word' id='word_1_150' title='bbox 313 1856 338 1904; x_wconf 69' lang='lat' dir='ltr'>Si</span> <span class='ocrx_word' id='word_1_151' title='bbox 352 1873 424 1908; x_wconf 85' lang='lat' dir='ltr'>mora</span> <span class='ocrx_word' id='word_1_152' title='bbox 437 1859 572 1924; x_wconf 81' lang='lat' dir='ltr'>praesentis</span> <span class='ocrx_word' id='word_1_153' title='bbox 584 1859 630 1910; x_wconf 94' lang='lat' dir='ltr'>leti</span> <span class='ocrx_word' id='word_1_154' title='bbox 643 1866 797 1928; x_wconf 81' lang='lat' dir='ltr'>tempusque</span> <span class='ocrx_word' id='word_1_155' title='bbox 810 1861 909 1912; x_wconf 90' lang='lat' dir='ltr'>caduco</span> 
     </span>
    </p>

    <p class='ocr_par' dir='ltr' id='par_1_16' title="bbox 288 1920 925 1993">
     <span class='ocr_line' id='line_1_24' title="bbox 288 1920 925 1993; baseline 0.011 -23"><span class='ocrx_word' id='word_1_156' title='bbox 288 1920 385 1971; x_wconf 87' lang='lat' dir='ltr'>Oratur</span> <span class='ocrx_word' id='word_1_157' title='bbox 393 1924 494 1989; x_wconf 87' lang='lat' dir='ltr'>juveni,</span> <span class='ocrx_word' id='word_1_158' title='bbox 507 1941 600 1991; x_wconf 91' lang='lat' dir='ltr'>meque</span> <span class='ocrx_word' id='word_1_159' title='bbox 612 1925 661 1976; x_wconf 89' lang='lat' dir='ltr'>hoc</span> <span class='ocrx_word' id='word_1_160' title='bbox 673 1926 712 1976; x_wconf 88' lang='lat' dir='ltr'>ita</span> <span class='ocrx_word' id='word_1_161' title='bbox 724 1943 819 1993; x_wconf 89' lang='lat' dir='ltr'>ponere</span> <span class='ocrx_word' id='word_1_162' title='bbox 831 1927 925 1978; x_wconf 86' lang='lat' dir='ltr'>sentis:</span> 
     </span>
    </p>

    <p class='ocr_par' dir='ltr' id='par_1_17' title="bbox 286 1988 1002 2116">
     <span class='ocr_line' id='line_1_25' title="bbox 286 1988 1002 2064; baseline 0.015 -25"><span class='ocrx_word' id='word_1_163' title='bbox 286 1988 358 2041; x_wconf 71' lang='lat' dir='ltr'>&#39;l’olle</span> <span class='ocrx_word' id='word_1_164' title='bbox 369 1991 435 2058; x_wconf 79' lang='lat' dir='ltr'>fuga</span> <span class='ocrx_word' id='word_1_165' title='bbox 447 1992 572 2058; x_wconf 83' lang='lat' dir='ltr'>Turnum,</span> <span class='ocrx_word' id='word_1_166' title='bbox 585 2001 665 2060; x_wconf 89' lang='lat' dir='ltr'>atque</span> <span class='ocrx_word' id='word_1_167' title='bbox 676 1994 836 2046; x_wconf 85' lang='lat' dir='ltr'>instantibus</span> <span class='ocrx_word' id='word_1_168' title='bbox 848 1994 919 2064; x_wconf 87' lang='lat' dir='ltr'>eripe</span> <span class='ocrx_word' id='word_1_169' title='bbox 931 1996 1002 2050; x_wconf 76' lang='lat' dir='ltr'>fatis</span> 
     </span>
     <span class='ocr_line' id='line_1_26' title="bbox 286 2056 905 2116; baseline 0.011 -7"><span class='ocrx_word' id='word_1_170' title='bbox 286 2056 423 2110; x_wconf 76' lang='lat' dir='ltr'>Hactenus</span> <span class='ocrx_word' id='word_1_171' title='bbox 435 2061 573 2113; x_wconf 89' lang='lat' dir='ltr'>indulsisse</span> <span class='ocrx_word' id='word_1_172' title='bbox 586 2070 669 2115; x_wconf 87' lang='lat' dir='ltr'>vacat.</span> <span class='ocrx_word' id='word_1_173' title='bbox 699 2064 745 2116; x_wconf 84' lang='lat' dir='ltr'>Sin</span> <span class='ocrx_word' id='word_1_174' title='bbox 758 2064 836 2115; x_wconf 85' lang='lat' dir='ltr'>altior</span> <span class='ocrx_word' id='word_1_175' title='bbox 847 2065 905 2116; x_wconf 84' lang='lat' dir='ltr'>istis</span> 
     </span>
    </p>

    <p class='ocr_par' dir='ltr' id='par_1_18' title="bbox 283 2125 1018 2270">
     <span class='ocr_line' id='line_1_27' title="bbox 286 2125 978 2200; baseline 0.013 -22"><span class='ocrx_word' id='word_1_176' title='bbox 286 2125 340 2178; x_wconf 73' lang='lat' dir='ltr'>Sub</span> <span class='ocrx_word' id='word_1_177' title='bbox 354 2130 473 2196; x_wconf 84' lang='lat' dir='ltr'>precibus</span> <span class='ocrx_word' id='word_1_178' title='bbox 486 2131 562 2182; x_wconf 85' lang='lat' dir='ltr'>venia</span> <span class='ocrx_word' id='word_1_179' title='bbox 574 2132 630 2183; x_wconf 89' lang='lat' dir='ltr'>ulla</span> <span class='ocrx_word' id='word_1_180' title='bbox 642 2132 716 2198; x_wconf 90' lang='lat' dir='ltr'>latet,</span> <span class='ocrx_word' id='word_1_181' title='bbox 729 2140 866 2200; x_wconf 89' lang='lat' dir='ltr'>totumque</span> <span class='ocrx_word' id='word_1_182' title='bbox 878 2136 978 2187; x_wconf 82' lang='lat' dir='ltr'>moveri</span> 
     </span>
     <span class='ocr_line' id='line_1_28' title="bbox 283 2192 1018 2270; baseline 0.019 -25"><span class='ocrx_word' id='word_1_183' title='bbox 283 2192 417 2249; x_wconf 86' lang='lat' dir='ltr'>Mutarive</span> <span class='ocrx_word' id='word_1_184' title='bbox 428 2206 506 2265; x_wconf 89' lang='lat' dir='ltr'>putas</span> <span class='ocrx_word' id='word_1_185' title='bbox 519 2199 631 2252; x_wconf 90' lang='lat' dir='ltr'>bellum:</span> <span class='ocrx_word' id='word_1_186' title='bbox 651 2219 708 2269; x_wconf 90' lang='lat' dir='ltr'>spes</span> <span class='ocrx_word' id='word_1_187' title='bbox 721 2205 803 2270; x_wconf 87' lang='lat' dir='ltr'>pascis</span> <span class='ocrx_word' id='word_1_188' title='bbox 815 2206 932 2256; x_wconf 83' lang='lat' dir='ltr'>inanes.”</span> <span class='ocrx_word' id='word_1_189' title='bbox 1013 2206 1018 2215; x_wconf 75' lang='grc'><strong>’</strong></span> 
     </span>
    </p>

    <p class='ocr_par' dir='ltr' id='par_1_19' title="bbox 281 2261 1126 2543">
     <span class='ocr_line' id='line_1_29' title="bbox 283 2261 1047 2343; baseline 0.021 -32"><span class='ocrx_word' id='word_1_190' title='bbox 283 2261 318 2312; x_wconf 83' lang='lat' dir='ltr'>Ft</span> <span class='ocrx_word' id='word_1_191' title='bbox 331 2265 402 2316; x_wconf 71' lang='lat' dir='ltr'>‚luno</span> <span class='ocrx_word' id='word_1_192' title='bbox 415 2267 595 2319; x_wconf 76' lang='lat' dir='ltr'>allacrimans:</span> <span class='ocrx_word' id='word_1_193' title='bbox 616 2271 708 2331; x_wconf 82' lang='lat' dir='ltr'>“Quid</span> <span class='ocrx_word' id='word_1_194' title='bbox 721 2273 749 2336; x_wconf 87' lang='lat' dir='ltr'>si,</span> <span class='ocrx_word' id='word_1_195' title='bbox 763 2274 831 2338; x_wconf 86' lang='lat' dir='ltr'>quod</span> <span class='ocrx_word' id='word_1_196' title='bbox 847 2291 907 2326; x_wconf 87' lang='lat' dir='ltr'>voce</span> <span class='ocrx_word' id='word_1_197' title='bbox 919 2277 1047 2343; x_wconf 81' lang='lat' dir='ltr'>gravaris,</span> 
     </span>
     <span class='ocr_line' id='line_1_30' title="bbox 282 2326 1034 2401; baseline 0.023 -22"><span class='ocrx_word' id='word_1_198' title='bbox 282 2326 374 2381; x_wconf 87' lang='lat' dir='ltr'>Mente</span> <span class='ocrx_word' id='word_1_199' title='bbox 387 2332 476 2395; x_wconf 86' lang='lat' dir='ltr'>dares;</span> <span class='ocrx_word' id='word_1_200' title='bbox 494 2339 574 2401; x_wconf 89' lang='lat' dir='ltr'>atque</span> <span class='ocrx_word' id='word_1_201' title='bbox 587 2335 642 2388; x_wconf 85' lang='lat' dir='ltr'>hacc</span> <span class='ocrx_word' id='word_1_202' title='bbox 655 2339 743 2390; x_wconf 84' lang='lat' dir='ltr'>Turno</span> <span class='ocrx_word' id='word_1_203' title='bbox 755 2345 814 2391; x_wconf 86' lang='lat' dir='ltr'>rata</span> <span class='ocrx_word' id='word_1_204' title='bbox 826 2340 883 2392; x_wconf 81' lang='lat' dir='ltr'>vita</span> <span class='ocrx_word' id='word_1_205' title='bbox 894 2345 1034 2398; x_wconf 66' lang='lat' dir='ltr'>maneret?</span> 
     </span>
     <span class='ocr_line' id='line_1_31' title="bbox 281 2395 1126 2477; baseline 0.022 -29"><span class='ocrx_word' id='word_1_206' title='bbox 281 2395 360 2450; x_wconf 87' lang='lat' dir='ltr'>Nunc</span> <span class='ocrx_word' id='word_1_207' title='bbox 372 2408 462 2453; x_wconf 89' lang='lat' dir='ltr'>manet</span> <span class='ocrx_word' id='word_1_208' title='bbox 474 2402 604 2455; x_wconf 90' lang='lat' dir='ltr'>insontem</span> <span class='ocrx_word' id='word_1_209' title='bbox 617 2407 705 2472; x_wconf 80' lang='lat' dir='ltr'>gravis</span> <span class='ocrx_word' id='word_1_210' title='bbox 717 2409 821 2461; x_wconf 84' lang='lat' dir='ltr'>exitus:</span> <span class='ocrx_word' id='word_1_211' title='bbox 840 2416 888 2461; x_wconf 86' lang='lat' dir='ltr'>aut</span> <span class='ocrx_word' id='word_1_212' title='bbox 900 2428 948 2477; x_wconf 86' lang='lat' dir='ltr'>ego</span> <span class='ocrx_word' id='word_1_213' title='bbox 960 2413 1017 2465; x_wconf 86' lang='lat' dir='ltr'>veri</span> <span class='ocrx_word' id='word_1_214' title='bbox 1077 2417 1126 2468; x_wconf 85' lang='grc'>630</span> 
     </span>
     <span class='ocr_line' id='line_1_32' title="bbox 282 2464 953 2543; baseline 0.021 -26"><span class='ocrx_word' id='word_1_215' title='bbox 282 2464 358 2519; x_wconf 87' lang='lat' dir='ltr'>Vana</span> <span class='ocrx_word' id='word_1_216' title='bbox 370 2470 445 2522; x_wconf 86' lang='lat' dir='ltr'>feror.</span> <span class='ocrx_word' id='word_1_217' title='bbox 477 2471 551 2533; x_wconf 85' lang='lat' dir='ltr'>Quod</span> <span class='ocrx_word' id='word_1_218' title='bbox 563 2480 595 2525; x_wconf 93' lang='lat' dir='ltr'>ut</span> <span class='ocrx_word' id='word_1_219' title='bbox 607 2492 621 2525; x_wconf 94' lang='lat' dir='ltr'>o</span> <span class='ocrx_word' id='word_1_220' title='bbox 635 2477 722 2543; x_wconf 89' lang='lat' dir='ltr'>potius</span> <span class='ocrx_word' id='word_1_221' title='bbox 735 2478 873 2529; x_wconf 80' lang='lat' dir='ltr'>formidine</span> <span class='ocrx_word' id='word_1_222' title='bbox 886 2480 953 2532; x_wconf 86' lang='lat' dir='ltr'>falsa</span> 
     </span>
    </p>

    <p class='ocr_par' dir='ltr' id='par_1_20' title="bbox 279 2533 1019 2682">
     <span class='ocr_line' id='line_1_33' title="bbox 280 2533 1019 2613; baseline 0.023 -27"><span class='ocrx_word' id='word_1_223' title='bbox 280 2533 376 2602; x_wconf 86' lang='lat' dir='ltr'>Ludar,</span> <span class='ocrx_word' id='word_1_224' title='bbox 390 2539 456 2589; x_wconf 88' lang='lat' dir='ltr'>etin</span> <span class='ocrx_word' id='word_1_225' title='bbox 469 2541 563 2592; x_wconf 90' lang='lat' dir='ltr'>melius</span> <span class='ocrx_word' id='word_1_226' title='bbox 577 2551 630 2605; x_wconf 87' lang='lat' dir='ltr'>tua,</span> <span class='ocrx_word' id='word_1_227' title='bbox 644 2546 689 2611; x_wconf 93' lang='lat' dir='ltr'>qui</span> <span class='ocrx_word' id='word_1_228' title='bbox 703 2553 783 2613; x_wconf 89' lang='lat' dir='ltr'>potes,</span> <span class='ocrx_word' id='word_1_229' title='bbox 797 2564 854 2599; x_wconf 85' lang='lat' dir='ltr'>orsa</span> <span class='ocrx_word' id='word_1_230' title='bbox 866 2548 985 2602; x_wconf 84' lang='lat' dir='ltr'>reflectas</span> <span class='ocrx_word' id='word_1_231' title='bbox 996 2551 1019 2604; x_wconf 86' lang='lat'>!&#39;&#39;</span> 
     </span>
     <span class='ocr_line' id='line_1_34' title="bbox 279 2603 898 2682; baseline 0.024 -29"><span class='ocrx_word' id='word_1_232' title='bbox 279 2603 346 2656; x_wconf 72' lang='lat' dir='ltr'>Huc</span> <span class='ocrx_word' id='word_1_233' title='bbox 359 2607 404 2657; x_wconf 88' lang='lat' dir='ltr'>ubi</span> <span class='ocrx_word' id='word_1_234' title='bbox 418 2608 489 2658; x_wconf 89' lang='lat' dir='ltr'>dicta</span> <span class='ocrx_word' id='word_1_235' title='bbox 502 2610 582 2676; x_wconf 90' lang='lat' dir='ltr'>dedit,</span> <span class='ocrx_word' id='word_1_236' title='bbox 591 2613 654 2664; x_wconf 86' lang='lat' dir='ltr'>coelo</span> <span class='ocrx_word' id='word_1_237' title='bbox 668 2632 694 2664; x_wconf 90' lang='lat' dir='ltr'>sc</span> <span class='ocrx_word' id='word_1_238' title='bbox 707 2623 832 2682; x_wconf 86' lang='lat' dir='ltr'>protenus</span> <span class='ocrx_word' id='word_1_239' title='bbox 844 2616 898 2668; x_wconf 83' lang='lat' dir='ltr'>alto</span> 
     </span>
    </p>

    <p class='ocr_par' dir='ltr' id='par_1_21' title="bbox 258 2671 995 2826">
     <span class='ocr_line' id='line_1_35' title="bbox 268 2671 995 2753; baseline 0.018 -26"><span class='ocrx_word' id='word_1_240' title='bbox 268 2671 356 2746; x_wconf 83' lang='lat' dir='ltr'>Misit,</span> <span class='ocrx_word' id='word_1_241' title='bbox 371 2696 455 2750; x_wconf 83' lang='lat' dir='ltr'>agens</span> <span class='ocrx_word' id='word_1_242' title='bbox 468 2678 584 2733; x_wconf 85' lang='lat' dir='ltr'>hiemem</span> <span class='ocrx_word' id='word_1_243' title='bbox 593 2682 683 2734; x_wconf 86' lang='lat' dir='ltr'>nimbu</span> <span class='ocrx_word' id='word_1_244' title='bbox 694 2685 828 2736; x_wconf 85' lang='lat' dir='ltr'>succincta</span> <span class='ocrx_word' id='word_1_245' title='bbox 840 2703 886 2753; x_wconf 90' lang='lat' dir='ltr'>per</span> <span class='ocrx_word' id='word_1_246' title='bbox 899 2703 995 2753; x_wconf 57' lang='lat' dir='ltr'>auran</span> 
     </span>
     <span class='ocr_line' id='line_1_36' title="bbox 258 2745 955 2826; baseline 0.009 -26"><span class='ocrx_word' id='word_1_247' title='bbox 258 2745 439 2826; x_wconf 83' lang='lat' dir='ltr'>Iliacamque</span> <span class='ocrx_word' id='word_1_248' title='bbox 454 2753 545 2809; x_wconf 88' lang='lat' dir='ltr'>aciem</span> <span class='ocrx_word' id='word_1_249' title='bbox 558 2760 586 2808; x_wconf 88' lang='lat' dir='ltr'>et</span> <span class='ocrx_word' id='word_1_250' title='bbox 595 2753 747 2808; x_wconf 73' lang='lat' dir='ltr'>Laurentia</span> <span class='ocrx_word' id='word_1_251' title='bbox 756 2761 844 2804; x_wconf 73' lang='lat' dir='ltr'>eastra</span> <span class='ocrx_word' id='word_1_252' title='bbox 850 2755 955 2818; x_wconf 60' lang='lat' dir='ltr'>patuit</span> 
     </span>
    </p>
   </div>
   <div class='ocr_carea' id='block_1_3' title="bbox 249 2817 1028 2885">
    <p class='ocr_par' dir='ltr' id='par_1_22' title="bbox 249 2817 1028 2885">
     <span class='ocr_line' id='line_1_37' title="bbox 249 2817 1028 2885; baseline -0.022 0"><span class='ocrx_word' id='word_1_253' title='bbox 249 2817 326 2879; x_wconf 72' lang='lat' dir='ltr'>Tum</span> <span class='ocrx_word' id='word_1_254' title='bbox 343 2825 403 2884; x_wconf 87' lang='lat' dir='ltr'>dea</span> <span class='ocrx_word' id='word_1_255' title='bbox 414 2826 498 2885; x_wconf 87' lang='lat' dir='ltr'>nube</span> <span class='ocrx_word' id='word_1_256' title='bbox 510 2844 586 2884; x_wconf 79' lang='lat' dir='ltr'>cava</span> <span class='ocrx_word' id='word_1_257' title='bbox 596 2833 714 2882; x_wconf 83' lang='lat' dir='ltr'>tenuem</span> <span class='ocrx_word' id='word_1_258' title='bbox 723 2821 783 2875; x_wconf 79' lang='lat' dir='ltr'>sine</span> <span class='ocrx_word' id='word_1_259' title='bbox 791 2819 1028 2873; x_wconf 59' lang='lat' dir='ltr'>amarissimum</span> 
     </span>
    </p>
   </div>
   <div class='ocr_carea' id='block_1_4' title="bbox 0 0 1354 3242">
    <p class='ocr_par' dir='ltr' id='par_1_23' title="bbox 0 0 1354 3242">
     <span class='ocr_line' id='line_1_38' title="bbox 0 0 1354 3242; baseline 0 2"><span class='ocrx_word' id='word_1_260' title='bbox 0 0 1354 3242; x_wconf 95' lang='lat' dir='ltr'> </span> 
     </span>
    </p>
   </div>
  </div>
 </body>
</html>
