2700 3242
278 309 330 359 286
513 306 541 360 P.
554 305 709 362 VIRGILII
728 306 890 361 masonis

277 406 397 461 Tollitur.
434 407 577 475 Invadunt,
589 414 616 461 et
627 410 709 461 fossas
721 425 816 476 aggere
828 408 961 477 complent
971 427 979 474 ;

278 476 407 529 Ardentes
419 477 501 530 taedas
513 477 560 530 alii
572 478 606 530 ad
618 478 727 546 fastigia
734 481 846 546 jactant.

278 544 395 598 Ilioneus
407 564 470 598 saxo
482 552 562 615 atque
574 547 678 614 ingenti
690 547 821 614 fragmine
832 547 930 599 montis

276 611 424 683 Lucetium,
436 622 518 684 portae
530 615 687 667 subeuntem
698 617 824 684 ignesque
835 616 981 680 ferentem
1071 620 1122 670 570

275 682 435 737 Emathiona
447 685 530 752 Liger,
544 685 699 753 Corynaeum
712 686 806 737 sternit
817 684 955 752 Asylas,—-

276 751 329 805 Hic
338 753 428 821 jaculo
440 753 530 819 bonus,
543 754 587 805 hic
600 754 677 821 longe
689 754 799 805 fallente
811 755 924 821 sagitta:

277 821 418 890 Ortygium
430 823 545 888 Caeneus,
558 823 684 875 victorem
697 823 790 875 Oaenea
802 822 923 886 'Iurnus;

275 889 379 943 Turnus
392 892 463 960 Itym
476 892 655 959 Cloniumque,
668 891 831 960 Dioxippum
843 891 1055 961 Promolumque,

275 958 310 1011 Et
323 960 448 1028 Sagarim,
461 966 489 1013 et
501 962 609 1012 summis
622 967 735 1013 stantem
747 978 795 1028 pro
806 960 923 1013 turribus
936 961 1024 1025 Idan,

274 1027 431 1082 Privernum
442 1030 533 1098 Capys.
570 1030 650 1082 Hune
663 1031 747 1098 primo
759 1030 824 1082 levis
836 1029 913 1081 hasta
924 1029 1043 1082 remilla

274 1097 423 1152 strinxerat
435 1117 441 1152 :
459 1099 504 1150 ille
516 1116 626 1151 manum
637 1101 753 1167 projecto
765 1099 882 1166 tegmine
894 1099 1002 1151 demens

272 1168 315 1218 ad
328 1168 425 1221 vulnus
437 1168 502 1220 tulit
513 1187 520 1232 ;
539 1185 599 1236 ergo
611 1168 660 1220 alis
672 1168 773 1236 allapsa
785 1168 890 1235 sagitta,

272 1234 308 1288 Et
320 1236 385 1289 laevo
397 1237 477 1289 affixa
489 1244 528 1290 est
540 1238 617 1290 lateri
628 1254 729 1304 manus,
742 1237 885 1304 abditaque
896 1237 970 1288 intus

272 1304 438 1374 spiramenta
450 1307 545 1360 animae
558 1306 632 1359 letali
644 1306 753 1359 vulnere
764 1308 872 1374 rumpit.
1065 1310 1116 1358 ⁵80

271 1373 365 1428 Stabat
376 1376 405 1427 in
417 1377 527 1444 egregiis
540 1375 661 1428 Arcentis
673 1375 744 1427 lilius
756 1375 843 1442 armis,

271 1441 362 1496 Pictus
374 1462 425 1497 acu
437 1445 602 1514 chlamydem
615 1451 642 1497 et
653 1445 788 1511 ferrugine
800 1444 886 1496 clarus
899 1443 1007 1511 Hibera,

271 1511 385 1580 Insignis
396 1514 465 1567 facie
476 1532 483 1578 ;
501 1516 603 1582 genitor
615 1530 695 1582 quem
705 1514 813 1564 miserat
824 1513 931 1579 Arcens,

269 1581 403 1634 Eductam
414 1585 505 1636 matris
518 1584 584 1650 luco,
598 1583 743 1652 Symaethia
756 1583 855 1634 circum

268 1651 399 1719 Flumina,
412 1653 518 1720 pinguis
531 1653 577 1704 ubi
590 1659 616 1705 et
628 1652 765 1721 placabilis
777 1669 824 1703 ara
835 1650 926 1703 Palici

268 1719 429 1773 Stridentem
440 1722 559 1789 fundam,
573 1722 664 1791 positis
676 1721 825 1772 Mezentius
836 1720 926 1787 hastis,

268 1789 328 1858 Ipse
340 1797 381 1842 ter
392 1791 508 1843 adducta
520 1793 619 1843 circum
632 1796 713 1859 caput
725 1791 780 1857 egit
791 1789 894 1842 habena
905 1808 912 1852 ;

266 1858 302 1910 Et
313 1860 401 1912 media
412 1861 514 1913 adversi
526 1861 667 1929 liquefacto
680 1866 798 1927 tempora
809 1858 916 1927 plumbo

266 1928 378 1995 Diffidit,
391 1947 421 1981 ac
433 1929 518 1982 multa
530 1937 680 1998 porrectum
692 1928 812 1980 extendit
824 1944 911 1980 arena

266 1997 333 2049 Tum
346 1999 460 2067 primum
472 1999 540 2050 bello
553 2000 663 2051 celerem
674 1998 818 2050 intendisse
831 1997 957 2065 sagittam
1060 2003 1111 2051 090

265 2066 377 2134 Dicitur,
390 2074 452 2120 ante
464 2069 531 2120 feras
544 2069 636 2120 solitus
648 2074 744 2119 terrere
756 2068 870 2134 fugaces,

265 2137 400 2203 Ascanius,
412 2138 557 2205 fortemque
569 2155 651 2189 manu
662 2137 762 2189 fudisse
774 2137 928 2188 Numanum
938 2153 945 2199 ;

265 2205 314 2257 (lui
327 2206 436 2258 Remulo
449 2224 591 2274 cognomen
604 2213 677 2270 erat;
696 2206 830 2273 Turnique
841 2205 969 2257 minorem

265 2275 421 2327 Germanam
433 2293 517 2344 nuper
529 2277 646 2328 thalamo
659 2275 772 2327 sociatus
784 2273 905 2326 habebat.

263 2342 291 2395 ls
303 2345 415 2412 primam
427 2352 489 2396 ante
502 2346 585 2397 aciem
597 2345 679 2412 digna
691 2352 771 2412 atque
783 2344 893 2411 indigna
904 2342 992 2396 relatu

263 2412 422 2480 Vociferans,
435 2415 606 2482 tumidusque
618 2431 685 2466 novo
698 2413 840 2482 praecordia
850 2427 932 2481 regno

262 2479 332 2547 Ibat,
345 2490 372 2535 et
384 2484 517 2551 ingentem
530 2501 584 2535 sese
597 2484 709 2536 clamore
721 2482 836 2534 ferebat:

297 2552 312 2584 “
322 2553 346 2605 N
348 2570 382 2604 on
394 2552 476 2618 pudet
489 2552 621 2605 obsidione
632 2553 729 2605 iterum
741 2551 861 2618 valloque
875 2551 967 2618 teneri,

259 2618 305 2672 Bis
319 2619 390 2687 capti
402 2619 527 2685 Phryges,
540 2625 567 2670 et
579 2618 660 2670 Marti
673 2619 835 2686 praetendere
847 2618 956 2672 murosl

252 2686 296 2740 It'n
310 2688 358 2759 qui
369 2694 460 2742 nostra
473 2688 522 2740 sibi
535 2687 602 2739 hello
615 2687 746 2739 connubia
758 2689 883 2756 poscunt!
1053 2693 1105 2742 000

241 2758 310 2826 Quis
324 2761 392 2816 deus
406 2761 423 2816 I
424 2761 528 2832 taliam,
541 2777 602 2836 quae
614 2777 660 2814 ros
673 2757 805 2810 dementia
813 2755 921 2823 adegitl

224 2826 291 2887 Non
306 2834 358 2892 hic
369 2837 492 2898 Atrides.
508 2855 558 2894 nec
572 2833 653 2891 fandi
665 2831 743 2886 hetor
753 2827 858 2881 utres
