2700 3242
499 276 528 330 P.
548 275 702 330 VIRGILII
720 273 882 328 MARONIS

304 392 356 427 unc
368 377 482 445 petimns
494 377 562 443 fessi,
575 383 602 429 et
614 393 702 446 parvae
714 376 876 429 succedimus
888 375 964 430 urbi:

300 457 378 498 ncora
390 446 423 498 de
435 463 511 514 prora
519 446 636 514 jacitur;
655 452 728 498 stant
739 446 816 498 litore
828 463 937 515 puppes.

311 513 406 580 “Ergo
418 513 552 581 insperata
563 517 671 569 tandem
685 518 779 571 tellure
827 520 879 586 titi,

298 587 482 647 nstramurque
493 582 514 634 J
514 581 563 646 ovi,
576 582 696 650 votisque
708 584 785 634 incen
805 587 871 634 imus
883 599 958 646 aras3

275 650 405 719 Actiaque
418 651 505 703 Hiacis
518 650 678 703 celebramus
691 651 769 703 litora
781 651 858 705 ludis.
1066 653 1117 703 280

276 719 407 772 Exercent
419 721 517 789 patrias
530 720 585 771 oleo
596 719 702 772 labente
714 719 848 788 palaestras

275 786 301 840 N
302 789 377 841 udati
390 790 459 841 socii
495 788 580 840 Juvat
592 788 702 842 evasisse
714 795 755 840 tot
766 789 843 841 urbes

276 857 418 925 Argolicas,
430 857 579 924 mediosque
590 858 683 925 fugam
695 858 809 910 tenuisse
821 875 868 926 per
879 857 973 911 hostes

276 926 382 979 Interea
393 944 520 994 magnum
532 926 569 978 sol
582 927 798 979 circumvolvitur
809 945 917 992 annum,

275 994 312 1047 Et
323 995 440 1063 glacialis
452 996 535 1046 hiems
547 994 714 1063 aquilonibus
726 1001 830 1063 asperat
841 996 933 1049 undas.

275 1064 339 1116 AEre
351 1082 414 1117 cavo
426 1064 548 1132 clipeum,
560 1064 650 1131 magni
662 1070 797 1131 gestamen
809 1065 928 1132 Abantis,

276 1132 397 1186 Postibus
409 1133 523 1185 adversis
536 1133 595 1201 figo,
608 1140 634 1186 et
646 1151 702 1185 rem
714 1134 828 1185 carmine
841 1135 931 1201 signo:

275 1202 380 1255 AEuuss
394 1219 456 1254 uno
469 1219 505 1254 nn
518 1201 628 1254 Dsunrs
641 1218 809 1255 vrcroursus
822 1219 909 1256 snus.

278 1272 407 1338 Linquere
420 1278 477 1320 tum
490 1279 580 1337 portus
589 1271 670 1339 jubeo
683 1277 710 1323 et
722 1273 854 1324 considere
867 1272 995 1327 transtris.

279 1340 404 1392 Certatim
417 1339 479 1389 socii
491 1340 591 1391 feriunt
602 1358 674 1393 mare
686 1347 714 1392 et
726 1344 956 1409 aequora'rerrunt.
1069 1344 1120 1394 290

276 1407 405 1460 Protenus
418 1409 502 1460 aerias
515 1409 657 1460 Phaeacum
669 1408 852 1461 abscondimus
864 1427 944 1478 arces,

278 1476 418 1545 Litoraque
431 1477 504 1546 Epiri
516 1478 635 1545 legimus,
648 1484 778 1546 portuque
791 1478 909 1531 subimus

277 1546 399 1613 Chaonio,
412 1552 439 1598 et
451 1546 546 1598 celsam
559 1547 683 1598 Buthroti
696 1547 843 1599 accedimus
854 1548 954 1602 urbem.

315 1617 329 1642 ‘⁴
340 1617 392 1668 Hic
405 1617 565 1668 incredibilis
577 1635 664 1669 rerum
678 1618 749 1670 fama
761 1623 873 1686 occupat
885 1633 968 1683 avireo,

276 1685 427 1739 Priamiden
440 1685 572 1736 Helenum
586 1684 676 1736 Graias
689 1701 797 1751 regnare
809 1702 856 1753 per
867 1685 953 1752 urbes,

277 1756 404 1824 Ooujugio
416 1754 534 1807 AEacidae
546 1754 641 1821 Pyrrhi
654 1753 813 1821 sceptrisque
825 1754 941 1822 potitum
951 1773 959 1818 ;

276 1825 312 1878 Et
325 1825 409 1893 patrio
422 1823 622 1875 Andromachen
635 1823 732 1874 iterum
744 1822 847 1874 cessisse
859 1823 962 1877 marito.

278 1894 409 1962 Obstupui
419 1913 426 1958 ;
444 1893 561 1960 miroque
573 1892 709 1943 incensum
722 1898 814 1959 pectus
826 1909 913 1944 amore

278 1963 438 2032 Compellare
450 1962 544 2028 virum,
557 1967 584 2013 et
596 1979 670 2013 casus
684 1978 836 2028 cognoscere
849 1968 944 2014 tantos.

278 2032 432 2100 Progredior
444 2037 529 2100 portu,
542 2031 635 2082 classes
648 2036 675 2082 et
688 2030 765 2081 litora
777 2030 898 2097 linquens
908 2050 915 2094 ;
1068 2033 1123 2084 300

278 2102 410 2155 solemnes
423 2118 504 2168 quum
515 2100 582 2152 forte
595 2100 674 2167 dapes
687 2105 714 2150 ct
727 2099 814 2150 tristia
826 2099 901 2165 dona,

278 2173 348 2224 Ante
360 2171 450 2222 urbem
463 2170 491 2220 in
504 2169 569 2235 lucc,
582 2169 642 2220 falsi
655 2168 796 2220 Simoentis
808 2168 842 2219 ad
854 2170 961 2234 undam,

278 2240 389 2293 Libabat
402 2240 483 2292 cineri
495 2238 684 2302 Andromache,
696 2255 837 2305 manesque
848 2238 959 2291 vocabat

280 2310 439 2362 Hectoreum
451 2308 484 2361 ad
497 2308 638 2373 tumulum,
650 2307 730 2358 viridi
742 2325 819 2374 queni
832 2309 929 2376 cespite
940 2308 1055 2376 inanem,

279 2379 315 2432 Et
327 2380 451 2447 geminas,
464 2395 569 2430 causam
581 2377 702 2443 lacrimis,
715 2382 861 2430 sacraverat
872 2394 938 2431 ares.

281 2450 317 2501 Ut
329 2468 371 2500 me
384 2449 519 2517 conspexit
531 2447 688 2512 venientem,
701 2453 727 2497 et
740 2446 817 2498 Troia
829 2446 928 2498 circum

281 2518 362 2570 Arma
373 2536 462 2569 amens
475 2517 549 2582 rn'dit,
562 2516 664 2582 magnis
677 2517 805 2567 exterrita
816 2516 940 2568 monstris

282 2588 403 2653 Deriguit
415 2589 473 2639 visu
486 2587 514 2638 in
525 2586 628 2647 medio;
647 2584 716 2636 calor
729 2602 785 2636 ossa
796 2584 903 2651 reliquit
913 2603 921 2648 ;

280 2657 398 2723 habitur,
412 2662 438 2708 et
450 2657 527 2723 longo
539 2655 585 2705 vix
597 2654 705 2705 tandem
719 2661 833 2722 tompore
846 2654 935 2706 latur:

290 2731 393 2783 lemae
407 2739 433 2787 te
445 2731 537 2798 facies,
554 2749 631 2788 verus
644 2729 710 2784 mihi
724 2728 837 2783 nuncius
849 2727 933 2785 affers.
1082 2728 1133 2780 ³10
