2700 3242
512 301 681 355 AENRIDOS
698 300 765 355 IdB.
785 301 838 354 ΙΙΙ.
1044 302 1094 360 147

251 399 319 453 Vela
331 405 415 467 vocet,
427 399 563 472 possisque
573 399 646 454 sinus
658 398 766 470 implere
779 402 947 467 secundos,-

250 469 324 533 Quin
337 469 416 522 adeas
427 476 524 538 ratem,
536 472 708 541 precibusque
721 471 825 524 oracula
838 488 934 539 poscas.

251 537 265 590 1
327 545 414 606 canat,
426 556 568 612 vocemque
580 541 669 594 volens
681 548 761 608 atque
773 558 818 592 ora
830 542 949 594 resolvat.

315 608 367 660 tibi
380 608 465 661 Italiae
477 609 595 678 populos,
607 617 771 679 venturaque
783 609 859 675 bella,

249 674 286 726 Et
297 691 350 742 quo
363 691 494 742 quemque
506 676 583 728 modo
597 676 736 745 fugiasque
748 678 869 745 ferasque
881 677 1001 741 laborem,

251 742 391 812 Expediet,
404 760 547 812 cursusque
559 745 633 798 dabit
645 753 770 798 venerata
782 748 916 802 secundos.
1045 751 1097 799 loo

251 811 319 864 Haec
332 818 402 878 sunt,
414 829 472 880 quae
483 819 573 866 nostra
584 813 663 867 liceat
675 820 703 867 te
714 832 777 867 voce
788 817 895 869 moueri

252 877 326 931 Vade
338 896 396 947 age,
407 886 435 932 et
447 879 582 947 ingentem
593 880 671 932 factis
684 881 724 932 fer
735 881 769 934 ad
782 882 882 933 aethera
894 880 1015 948 'frojam'

287 949 302 974 ‘⁴
313 947 377 1012 Quae
393 954 533 1015 postquam
544 955 618 1001 vates
631 950 668 1001 sic
680 967 724 1002 ore
736 951 830 1002 effatus
843 952 927 1003 amico
939 961 985 1016 est,

252 1015 330 1069 Dona
342 1015 438 1068 dehinc
450 1033 514 1068 auro
575 1017 618 1068 via
630 1023 752 1084 sectoque
764 1017 905 1084 elephanto

254 1084 374 1153 Imperat
385 1084 419 1137 ad
432 1102 511 1137 naves
535 1085 593 1152 erri,
605 1086 740 1154 stipatque
752 1086 847 1137 carinis

253 1152 355 1222 Ingens
366 1160 514 1221 argentum,
526 1154 721 1222 Dodonaeosque
732 1155 838 1220 lebetas,

253 1222 374 1276 Loricam
386 1229 531 1275 consertam
543 1223 629 1276 hamis
641 1241 756 1291 auroque
769 1223 889 1286 trilicem,

252 1291 290 1345 Et
301 1309 398 1344 conum
409 1292 520 1360 insignis
531 1292 614 1360 galeoe
626 1293 772 1360 cristasque
784 1301 925 1359 comantes,

254 1361 336 1413 Arma
347 1361 520 1430 Neoptolemi
555 1361 625 1414 Sunt
636 1368 664 1414 et
676 1380 724 1414 sua
735 1362 804 1414 dona
816 1363 927 1430 parenti.

253 1428 338 1482 Addit
350 1447 438 1498 equos,
449 1430 576 1500 additque
588 1431 667 1483 duces
680 1450 687 1494 ;
1047 1433 1096 1481 470

254 1497 407 1569 Remigium
418 1499 532 1568 supplet,
544 1501 625 1552 socios
638 1500 717 1552 simul
728 1499 838 1553 instruit
850 1501 936 1553 armis.

294 1567 308 1594 “
317 1567 423 1622 interea
436 1569 544 1622 classem
557 1570 622 1621 velis
634 1577 726 1636 aptare
735 1570 846 1636 jubebat

255 1633 392 1702 Anchises,
403 1635 477 1687 fieret
489 1640 568 1687 vento
579 1651 652 1686 mora
664 1651 698 1685 ne
711 1652 763 1701 qua
774 1636 876 1686 ferenti.

256 1703 343 1770 Quom
354 1703 448 1758 Phoebi
458 1703 586 1772 interpres
598 1703 683 1755 multo
695 1704 834 1771 compellat
846 1705 958 1758 honoro:

259 1772 409 1843 ‘conjugio
421 1772 544 1838 Anchisa,
557 1772 667 1826 Veneris
679 1773 788 1839 dignate
801 1774 917 1843 superbo,

258 1851 328 1905 (lrrrs
339 1847 426 1914 deum,
437 1845 478 1899 bis
490 1845 641 1913 Pergameis
653 1847 742 1910 erepte
753 1840 844 1905 minis,
870 1909 876 1921 ὁ

258 1921 326 1974 Ecce
337 1918 389 1971 tibi
400 1915 522 1969 Ausonias
534 1914 613 1966 tellus
624 1931 629 1964 :
647 1912 717 1963 hanc
728 1910 814 1978 arripe
825 1910 897 1962 vehs.

258 1990 296 2044 Ec
307 1995 398 2041 tamen
409 1986 478 2038 hanc
489 1983 581 2053 pelago
594 1981 776 2050 praeterlabare
788 1996 890 2031 necesse
902 1986 941 2030 est
953 1995 958 2027 :

259 2057 385 2112 Ausonias
397 2073 456 2124 pars
469 2054 516 2106 illa
526 2052 625 2121 procul,
638 2067 718 2117 quam
730 2049 823 2117 pandit
836 2046 936 2116 Apollo.

263 2125 353 2187 Vade,'
365 2124 412 2189 ait,
425 2125 454 2174 ‘o
465 2122 531 2174 felix
544 2122 601 2173 nati
613 2121 712 2189 pietate
724 2123 729 2173 ἔ
748 2118 813 2187 quid
825 2118 897 2168 ultra
1054 2115 1106 2162 480

262 2193 403 2255 Provehor,
414 2197 441 2244 et
452 2191 532 2243 fando
545 2197 681 2257 surgentes
694 2189 812 2240 demoror
824 2187 934 2238 Austros
944 2182 963 2237 i’

262 2260 318 2314 Nec
330 2257 420 2310 minus
431 2256 622 2320 Andromache,
634 2256 752 2320 digressu
764 2259 857 2304 maesta
868 2266 996 2319 supremo,

263 2329 327 2382 Fert
339 2327 486 2396 picturatas
498 2325 556 2377 auri
569 2323 716 2375 subtemine
728 2326 812 2375 vestes

263 2398 300 2452 Et
311 2396 457 2464 Phrygiam
470 2393 581 2446 Ascanio
593 2392 759 2459 chlamydem
770 2410 777 2454 ;
794 2407 842 2442 nec
854 2388 924 2441 cedit
936 2385 1045 2448 honori;

264 2466 464 2532 {textilibusque
476 2468 568 2516 onerat
580 2462 661 2528 donis,
674 2479 704 2513 ac
716 2460 782 2512 talia
793 2461 882 2511 fatur:

269 2539 383 2607 ‘Accipe
394 2542 423 2590 et
434 2535 498 2592 haec.
510 2550 639 2586 manuum
652 2531 702 2584 tibi
714 2547 772 2598 quae
784 2529 956 2580 monumenta
967 2537 1087 2574 mearum

264 2614 325 2668 aine
345 2627 418 2680 puer,
432 2614 459 2660 et
471 2607 580 2671 longum
592 2597 784 2653 Andromaches
796 2602 928 2648 testentur
939 2608 1061 2657 amorem,

266 2654 392 2751 (lonj’ugis
405 2678 548 2729 Hectorea.
585 2672 653 2737 Cape
665 2669 735 2720 dona
746 2672 864 2746 extrema
876 2670 990 2728 tuorum,

267 2755 288 2807 0
300 2749 370 2805 mihi
382 2747 437 2800 sole
447 2744 499 2798 mei
512 2758 589 2811 super
601 2740 774 2810 Astyanactis
784 2751 884 2804 imago.

262 2824 307 2873 Sic
318 2817 410 2882 oculos,
423 2815 462 2866 sic
472 2814 519 2867 ille
531 2830 640 2879 manua,
653 2812 692 2868 sic
705 2829 754 2868 ora
764 2808 897 2878 terebat,
1091 2795 1146 2842 m
