2700 3242
524 308 692 363 AENEIDOS
710 310 776 364 ΗΒ.
796 310 843 364 VI.
1053 309 1103 358 211

291 406 363 476 Ergo
375 409 427 462 iter
438 409 575 479 inceptum
587 416 726 480 peragunt,
738 411 871 480 fluvioque
882 411 1078 480 propinquant:

254 473 357 530 Navita
369 495 433 546 quos
442 481 500 547 jam
511 481 574 532 inde
586 487 618 532 ut
630 481 724 548 Stygia
736 482 870 549 prospexit
882 482 915 532 ab
927 481 1001 532 unda

256 542 309 597 Per
321 547 435 599 tacitum
447 566 540 601 nemus
552 550 597 615 ire,
610 551 756 624 pedemque
767 551 903 602 advertere
915 550 987 617 ripae,

256 612 301 665 Sic
313 615 386 683 prior
397 617 552 684 aggreditur
565 619 650 686 dictis,
662 625 743 686 atque
756 619 875 687 increpat
886 618 973 670 ultro:

259 685 408 753 “Quisquis
420 703 453 746 es,
466 692 582 738 armatus
594 689 639 756 qui
652 693 742 739 nostra
753 685 787 736 ad
799 686 909 736 fiumina
921 683 1016 743 tondis,

255 748 325 803 Fare
337 769 394 819 age,
406 753 470 820 quid
483 753 572 804 uenias
583 772 590 816 ;
605 755 662 820 jam
674 753 762 816 istinc,
775 758 802 804 et
814 753 954 820 comprime
967 767 1091 817 grossum.

256 818 418 872 Umbrarum
430 822 474 873 hic
486 822 558 873 locus
571 828 618 888 est,
631 822 722 874 Somni
734 822 877 889 Noctisque
890 839 986 889 soporae
997 840 1004 885 ;
1051 823 1103 872 390

255 887 371 956 Corpora
383 890 444 942 vira
455 891 529 942 nefas
542 891 634 958 Stygia
646 896 750 943 vectare
763 891 859 943 carina.

254 955 282 1008 N
282 974 311 1008 ec
324 975 385 1010 vero
397 959 510 1011 Alciden
521 977 563 1011 me
576 978 635 1012 sum
647 959 754 1011 laetatus
767 967 874 1011 euntem

253 1025 396 1094 Accepisse
408 1028 477 1095 lacu,
489 1046 538 1080 nec
551 1029 650 1081 Thesea
663 1029 864 1097 Pirithoumque
875 1047 882 1092 ;

253 1093 303 1146 Dis
316 1112 477 1165 quamquam
489 1099 581 1166 geniti,
595 1104 675 1166 atquo
687 1098 781 1150 invicti
794 1099 893 1150 viribus
906 1103 999 1150 essent.

254 1161 412 1217 Tartareum
423 1166 470 1218 ille
481 1185 564 1219 manu
576 1168 711 1220 custodem
723 1167 752 1218 in
764 1167 852 1219 vincla
863 1167 968 1236 petivit,

255 1231 345 1300 Ipsius
358 1251 375 1286 a
387 1235 451 1288 solio
462 1237 531 1303 regis
544 1237 680 1304 traxitque
692 1242 864 1289 trementem:

257 1303 296 1356 Hi
308 1304 442 1355 dominam
454 1304 524 1356 Ditis
536 1305 653 1357 thalamo
665 1305 793 1356 deducere
805 1304 915 1356 adorti.’'

257 1370 323 1435 Quas
335 1378 427 1424 contra
438 1372 551 1425 breviter
563 1374 617 1425 fata
629 1378 669 1425 ost
681 1373 840 1440 Amphrysia
851 1379 923 1425 rates
938 1393 944 1428 ε

255 1442 271 1469 “
279 1441 305 1492 N
306 1440 368 1492 ullae
380 1440 424 1493 hic
436 1442 537 1493 insidiae
550 1442 615 1495 tales
626 1460 632 1505 ;
650 1441 747 1493 absiste
759 1441 857 1493 moveri
870 1459 876 1501 ;

254 1505 311 1559 Nec
324 1509 380 1560 rim
392 1509 446 1561 tela
457 1510 564 1563 ferunt:
583 1511 647 1563 licet
658 1511 753 1577 ingens
761 1510 862 1577 janitor
874 1515 951 1561 antro
1048 1515 1101 1564 400

254 1575 398 1630 AEternum
409 1579 510 1631 latrans
523 1597 670 1646 exsangues
684 1585 782 1637 terreat
793 1579 899 1630 umbras
910 1597 916 1640 ;

255 1645 336 1699 Casta
347 1647 412 1699 licet
423 1649 513 1716 patrui
525 1655 612 1701 servet
625 1649 782 1716 Proserpina
794 1648 884 1700 limen.

254 1714 348 1768 Troias
361 1716 466 1784 AEneas,
478 1717 579 1785 pietate
591 1719 703 1785 insignis
715 1724 742 1769 et
755 1718 841 1783 armis,

254 1783 299 1836 Ad
311 1785 458 1852 genitorem
470 1787 536 1839 imas
549 1787 627 1839 Erebi
640 1787 775 1839 descendit
787 1787 821 1838 ad
833 1786 946 1838 umbras.

254 1852 285 1906 Si
297 1858 325 1906 te
336 1854 412 1907 nulla
423 1861 511 1908 movet
524 1862 606 1909 tantae
619 1857 727 1925 pietatis
740 1857 833 1922 imago,

254 1922 294 1975 At
305 1940 410 1975 ramum
422 1924 494 1976 huuc
508 1923 535 1992 (a
555 1927 605 1978 erit
617 1944 714 1988 rarum,
727 1925 773 1992 qui
786 1931 856 1977 vesto
869 1923 981 1991 latebat)

255 1990 413 2056 Agnoscas.”
448 1991 524 2044 'sumi
543 2011 559 2045 a
571 2010 604 2045 ex
617 1993 656 2044 ira
667 1998 726 2044 tum
738 1993 815 2044 corda
827 1994 953 2045 residunt.

253 2060 312 2114 Nec
324 2061 402 2129 plura
414 2062 463 2115 his.
493 2063 544 2116 Ille
556 2064 690 2116 admirans
702 2063 851 2116 venerabile
863 2063 962 2114 donum

255 2129 358 2183 Fatalis
371 2133 461 2199 virgae,
472 2131 552 2201 longo
564 2139 623 2202 post
636 2138 753 2201 temporo
765 2133 859 2198 visum,

256 2200 402 2252 caeruleam
414 2201 530 2254 advertit
542 2203 661 2271 puppim,
673 2203 790 2269 ripaeque
802 2201 970 2270 propinquat.
1049 2202 1102 2251 410

255 2268 323 2322 Inde
335 2270 401 2322 alias
414 2271 524 2336 animas,
537 2288 595 2339 quae
608 2289 654 2340 per
662 2274 730 2340 juga
742 2271 822 2337 longa
833 2271 967 2337 sedebant,

253 2337 395 2407 Deturbat,
408 2339 535 2408 laxatque
547 2341 631 2394 foros:
650 2340 730 2393 simul
742 2340 840 2407 accipit
851 2339 926 2391 alveo

254 2407 397 2476 Ingentem
409 2409 519 2462 AEnean.
550 2410 656 2462 Gemuit
669 2409 718 2462 sub
730 2409 844 2477 pondere
857 2410 950 2476 cymba

254 2477 357 2544 Sutilis,
370 2484 398 2531 et
409 2479 524 2531 multam
536 2481 639 2548 accepit
651 2480 747 2531 rimosa
760 2478 891 2545 paludem.

254 2546 373 2600 'landem
385 2548 582 2602 transfluvium
595 2549 735 2601 incolumis
747 2553 888 2616 vatemque
900 2547 1040 2614 virumque

254 2615 370 2669 Informi
381 2617 445 2669 limo
456 2618 603 2686 glaucaque
616 2618 725 2686 exponit
737 2617 766 2667 in
778 2617 848 2670 ulva.

290 2686 417 2739 Cerbems
428 2687 485 2739 haec
496 2687 590 2755 ingens
602 2688 704 2739 latratu
716 2703 798 2753 regna
810 2686 921 2739 trifauci

254 2756 391 2822 Personat,
403 2757 511 2810 aduerso
522 2757 654 2814 recubans
666 2757 797 2813 immanis
807 2756 839 2812 in
850 2763 945 2813 antro.

250 2826 301 2876 θυι·
312 2829 389 2891 rates,
402 2825 510 2880 horrere
523 2830 621 2888 videns
631 2834 695 2907 jam
709 2833 784 2891 colia
797 2832 936 2903 colubris,
