2700 3242
533 301 700 371 AENlllDOS
717 301 783 353 LlB.
802 300 822 353 Ι.
1053 299 1105 352 109

258 405 369 462 Centum
381 406 449 474 sliae,
463 407 624 475 totidemque
636 423 711 475 peres
724 412 802 458 aetnte
814 405 936 468 ministri,

257 477 305 541 Qui
318 477 433 547 dapibus
444 495 547 529 mensas
559 484 676 542 onerant,
689 484 716 527 et
729 475 823 544 pocula
836 487 945 543 ponunt.

255 545 309 600 Nec
321 565 376 599 non
389 555 417 599 et
429 547 501 614 Tyrii
514 564 560 614 per
573 546 665 609 limina
677 545 739 596 laeta
751 546 901 612 frequentes

256 615 413 682 Convenere,
426 616 489 668 toris
498 616 566 681 jussi
578 613 740 666 discumbere
752 615 838 681 pictis.

255 683 390 738 Mirantur
402 685 471 737 done
482 685 592 746 AEncae3
610 684 741 735 mirantur
754 683 851 750 Iulum,

254 752 463 822 Flagrantesque
474 754 517 806 dei
530 754 626 819 vultus,
640 753 816 820 simulataque
829 750 915 818 verba,
1046 753 1098 805 710

253 822 406 891 Pellamque
419 830 446 873 et
459 823 560 888 pictum
572 838 660 874 croceo
673 821 791 874 velamen
803 823 922 875 acantho.

254 890 391 961 Praecipue
403 892 505 958 infelix,
518 892 586 960 pesti
599 891 692 943 devote
705 891 811 957 futurae,

253 959 361 1031 Expleri
373 967 490 1014 mentem
502 961 602 1028 nequit,
614 960 778 1026 ardescitque
791 960 889 1011 tuendo

254 1027 397 1097 Phoenissa,
411 1037 438 1083 et
450 1030 548 1098 pariter
560 1046 640 1097 puero
653 1029 780 1097 donisque
792 1038 918 1081 movetur.

253 1098 300 1152 Ille
313 1100 360 1152 ubi
372 1099 513 1167 complexu
524 1099 616 1150 AEneae
629 1099 748 1165 colloque
760 1099 893 1167 pependit,

252 1167 285 1220 Et
296 1186 427 1236 magnum
438 1169 498 1220 falsi
511 1168 631 1236 implevit
643 1168 769 1235 genitoris
781 1185 901 1233 umorem,

252 1235 381 1306 Reginam
394 1239 468 1307 petit.
505 1237 569 1290 Haec
582 1238 670 1303 omlis,
683 1236 739 1289 hnc
751 1246 855 1306 pectore
868 1245 922 1288 toto

251 1305 359 1371 Haeret3
377 1316 405 1359 et
416 1306 550 1359 interdum
562 1307 660 1374 gremio
672 1307 745 1358 fovet
755 1326 762 1370 ;
779 1306 863 1358 inscia
875 1305 943 1357 Dido

250 1374 354 1428 Insidat
366 1383 482 1445 quantus
493 1377 595 1427 miserae
607 1377 688 1428 deus!
708 1377 745 1428 At
757 1392 856 1427 memor
868 1374 913 1426 ille

249 1443 345 1498 Matris
358 1445 486 1498 Acidaliae
498 1445 628 1512 paulatim
641 1445 743 1498 abolere
756 1446 894 1512 Sychaeum
1043 1445 1092 1495 721¹

250 1512 357 1583 Incipit,
370 1522 398 1566 et
410 1515 470 1567 vivo
483 1521 570 1566 tentet
582 1523 737 1582 praevertere
749 1531 836 1566 amore

249 1583 269 1635 J
269 1601 312 1636 am
324 1584 429 1652 pridem
441 1583 538 1635 resides
551 1585 650 1636 animos
663 1584 822 1651 desuetaque
835 1582 920 1636 corde

281 1653 428 1721 Postquam
440 1654 526 1722 primu
537 1654 610 1720 quies
623 1654 715 1722 epulis,
727 1670 875 1720 menseque
887 1658 999 1717 remotae,

248 1719 368 1774 Crateras
380 1739 488 1790 magnos
501 1729 632 1789 statuunt,
645 1729 671 1775 et
684 1723 746 1775 vine
759 1728 889 1774 coronant.

197 1822 199 1833 ·
247 1789 291 1842 Fit
304 1791 432 1860 strepitus
445 1792 529 1858 tectis,
542 1809 685 1859 vocemque
696 1810 743 1861 per
754 1792 843 1860 ampla
855 1791 976 1844 volutent

245 1859 343 1924 Attis3
361 1860 510 1929 dependent
522 1861 613 1928 lychni
625 1861 792 1928 laquearibus
804 1861 890 1913 aureis

246 1928 361 1996 Incensi,
374 1936 401 1981 et
413 1937 517 1982 noctem
529 1930 641 1982 flammis
653 1931 756 1982 funalia
768 1931 885 1982 vincunt.

245 1997 299 2050 Hic
311 1999 405 2066 regina
416 2017 524 2067 gravem
536 2001 645 2066 gemmis
657 2018 772 2068 auroque
784 2000 902 2068 poposcit

245 2065 427 2136 Implevitque
438 2086 510 2121 mero
522 2076 648 2138 pateram,
661 2087 740 2137 quam
753 2071 832 2122 Belus
845 2078 872 2121 et
884 2090 971 2126 omnes

242 2135 267 2187 A
281 2136 347 2188 Belo
359 2138 429 2189 soliti
440 2156 447 2201 ;
466 2145 523 2190 tum
536 2138 608 2190 facte
620 2139 725 2191 silentia
737 2139 830 2192 tectis:
1039 2138 1088 2189 730

243 2204 383 2273 “Jupiter,
396 2205 443 2257 hos
462 2206 543 2257 itibus
554 2223 618 2258 nem
629 2212 656 2258 te
669 2207 730 2258 dare
740 2210 802 2275 jura
814 2207 964 2274 loquuntur,

243 2271 327 2324 Hunc
339 2272 431 2324 laetum
497 2272 580 2339 “sque
592 2274 662 2326 diem
674 2275 802 2342 Trojeque
814 2275 937 2340 profectis

240 2339 308 2393 Esse
319 2341 393 2408 velis,
405 2349 557 2410 nostrosque
569 2343 649 2411 hujus
661 2345 810 2395 meminisse
822 2343 941 2394 minores

240 2409 323 2462 Adsit
334 2410 435 2463 laetitiae
448 2412 567 2464 Bacchus
580 2413 662 2479 dator,
675 2419 702 2464 et
714 2413 782 2464 bona
794 2412 813 2463 J
815 2429 873 2463 uno.

239 2478 279 2530 Et
291 2497 344 2547 vos,
356 2497 379 2547 0,
392 2487 496 2548 coetum,
509 2481 589 2549 Tyrii,
602 2482 731 2534 celebrate
743 2481 882 2533 faventes?

240 2547 328 2614 Dixit,
341 2549 408 2601 etin
420 2566 538 2602 mensem
550 2551 660 2603 leticum
672 2551 766 2603 libavit
778 2552 910 2617 honorem,

240 2616 393 2686 Primaque,
405 2618 495 2685 libato,
508 2637 608 2672 summo
621 2627 698 2672 tenus
710 2620 802 2686 attigit
815 2637 875 2683 orc;

239 2687 311 2740 'l'um
324 2687 401 2740 Bitiae
414 2688 488 2741 dedit
500 2689 678 2758 increpitans:
696 2689 742 2742 ille
754 2690 866 2760 impiger
877 2688 968 2741 hausit

238 2756 412 2834 Spumentenr
419 2768 548 2826 peterem,
562 2767 590 2814 et
603 2760 685 2832 pleno
699 2780 727 2817 se
739 2761 846 2836 proluit
857 2781 925 2820 nuno
934 2782 946 2829 ·,

225 2822 295 2870 pm
302 2821 487 2889 ⁸²11P1000108.
528 2828 641 2890 Oithnrs
656 2837 779 2896 crinitus
790 2839 880 2917 lopus
1064 2828 1126 2881 'Q
