2700 3242
250 312 282 367 56
407 310 435 363 P.
449 309 543 363 visu.
562 310 648 362 MAR.
668 309 792 363 GEORG.
810 311 877 364 LIB.
897 313 933 365 11.

250 411 311 479 lpse
323 411 378 462 dies
390 411 475 478 agitat
486 412 583 473 festos3
601 412 728 479 fususque
740 429 787 479 per
798 411 913 474 herbam,

250 478 324 546 Ignis
335 479 383 531 ubi
394 480 422 530 in
435 480 528 547 medio,
542 485 569 531 et
582 480 645 532 sccii
658 487 760 532 cratera
772 493 905 545 coronant,

249 547 286 600 Te
298 548 389 615 libans,
403 549 504 615 Lenaee,
516 555 610 613 vocat3
628 550 779 617 pecorisque
791 551 924 617 magistris

249 616 351 669 Velocis
360 617 445 685 jaculi
457 619 602 670 certamina
614 619 689 686 ponit
700 618 729 668 in
741 619 821 685 ulmo,

248 686 411 755 (torporeque
423 687 521 754 agresti
533 687 636 739 nudant
649 687 771 755 praedura
782 687 921 754 palaestrse.

248 753 326 807 Hanc
338 755 400 807 olim
413 764 512 807 veteres
524 756 608 807 vitum
620 755 723 807 coluere
735 756 825 807 Sabini
836 775 843 819 3

247 823 326 876 Hunc
338 825 435 876 Remus
447 830 475 876 et
486 825 568 876 frater
575 843 582 888 ;
600 825 638 876 sic
649 825 725 876 fortis
737 825 845 876 Etruria
857 824 940 876 crevit
951 844 959 890 ;

187 943 191 963 ‚
247 891 352 946 Scilicet
364 899 392 945 et
402 910 491 945 rerum
503 894 575 945 factu
587 899 627 945 est
638 893 817 960 pulcherrima
829 893 920 958 Roma,

245 961 404 1031 flentemque
415 978 470 1014 uun
482 962 531 1013 sibi
542 979 618 1013 muro
630 962 803 1014 circumdedit
815 979 894 1014 arces.

244 1030 317 1083 Ante
328 1031 409 1083 etium
422 1036 555 1099 sceptrum
567 1030 663 1082 Dictaei
674 1031 751 1097 regis,
764 1037 792 1082 et
803 1037 866 1082 ante

245 1099 335 1168 impis
347 1116 427 1168 quarn
439 1100 511 1151 caesis
523 1117 587 1167 gens
600 1105 639 1152 est
652 1116 668 1150 e
685 1101 760 1152 uinta
768 1099 898 1167 juvencis,

244 1169 348 1222 Aureus
360 1169 429 1221 hanc
440 1168 524 1220 ritem
536 1169 564 1220 in
576 1168 652 1220 terris
665 1117 795 1220 §sturnus
808 1169 910 1235 agebat.

243 1235 365 1292 Necdum
376 1238 457 1290 ctiam
468 1238 607 1290 audierant
619 1237 707 1289 inflari
719 1238 833 1303 classica,
845 1238 958 1288 necdum

244 1305 384 1429 Imiidm
397 1307 469 1358 duris
482 1307 609 1375 crepitare
621 1306 762 1358 incudibus
775 1322 855 1357 enses.

342 1393 389 1427 nos
401 1376 558 1428 immensum
570 1376 662 1444 spatiis
674 1376 832 1426 confecimus
846 1391 942 1442 sequor,

245 1441 280 1498 nt
287 1446 346 1513 jem
357 1451 462 1514 tempus
474 1444 572 1513 equum
584 1444 717 1497 firmantia
729 1444 826 1496 solvere
838 1443 912 1495 colis
