2700 3242
326 327 379 378 390
547 326 576 380 P.
595 324 749 379 VIRGILII
767 323 929 377 MARONIS

323 432 379 483 Aut
391 445 480 481 crocus
491 429 594 482 alterna
604 430 766 497 conjungens
778 428 835 480 lilia
847 427 943 494 caltha,

323 499 470 567 Sparsaque
481 498 615 550 liminibus
626 498 702 550 floret
713 514 884 564 rosa-nunc
895 514 952 565 age,
964 496 1042 565 divas,

324 566 460 636 Praecipue
472 573 560 620 nostro
571 585 643 620 nunc
655 568 769 635 aspirate
781 565 872 629 labori,

322 637 410 704 Atque
421 653 519 688 novum
530 643 628 688 aeterno
639 637 777 705 praetexite
789 636 886 688 honore
898 635 1028 690 volumen

358 705 426 758 Sunt
438 704 590 757 Pandioniis
602 705 696 758 vicinae
708 705 812 757 sedibus
823 705 909 772 urbes,

322 777 426 828 Actaeos
436 774 506 827 inter
517 775 595 827 colles
607 780 634 827 et
645 775 759 827 eandida
770 774 863 827 Pheeei

322 842 464 912 Pmpureis
476 844 530 896 late
541 844 655 896 ridentia
667 844 745 896 litora
757 843 871 912 conchis,

322 913 440 978 Quarum
451 930 504 965 non
516 913 565 965 ulli
577 913 648 966 fama
660 913 800 966 concedere
812 913 894 980 digna

322 981 382 1035 Stat
394 981 509 1050 Megara,
521 981 606 1034 Aetaei
618 982 750 1051 quondam
762 983 866 1034 munita
877 981 966 1034 labore
983 998 986 1004 ·

321 1051 452 1117 Alcathoi,
465 1049 623 1119 Phoebique;
641 1052 706 1104 deus
717 1068 831 1119 namque
842 1051 920 1104 affuit
931 1051 985 1105 illi:

323 1120 399 1173 Unde
411 1120 499 1186 etiam,
512 1120 619 1172 cithara
632 1138 707 1173 voees
718 1121 838 1172 imitatus
851 1127 949 1186 acutas,

321 1188 396 1258 Saepe
408 1189 475 1257 lapis
487 1195 604 1257 recrepat
616 1189 735 1258 Cyllenia
746 1206 855 1242 munera
867 1189 966 1258 pulsus,

321 1257 357 1310 Et
370 1264 484 1311 veterem
496 1259 584 1310 sonitu
596 1258 690 1311 Phoebi
699 1265 812 1312 testatem
823 1260 954 1312 honorem.

321 1326 399 1380 Hanc
410 1327 509 1395 urbem,
522 1333 584 1380 ante
596 1328 660 1381 ahos
672 1328 719 1396 qui
730 1335 789 1380 tum
800 1328 909 1381 florebat
920 1328 950 1380 in
961 1327 1048 1395 armis,

321 1394 430 1449 Fecerat
442 1396 566 1449 mfestam
577 1397 717 1466 populator
728 1398 826 1465 remige
838 1397 933 1466 Minos,

320 1464 442 1534 Hospitio
454 1466 524 1534 quod
536 1483 563 1518 se
575 1467 633 1519 Nisi
645 1466 768 1535 Polyidos
780 1467 860 1531 avito,

321 1535 492 1604 Carpathium
504 1535 608 1603 fugiens
621 1542 648 1589 et
659 1536 770 1589 flumina
782 1537 903 1599 Oaeratea,

319 1604 438 1657 Pexerat.
475 1603 553 1657 Hunc
566 1604 633 1658 bello
645 1612 765 1674 repetens
778 1605 918 1673 Gortynius
930 1604 1005 1658 heros

319 1673 410 1726 Attica
424 1675 522 1726 C‘retaea
535 1674 667 1727 etemebat
679 1693 740 1727 rura
753 1675 857 1742 sagitta.

319 1742 370 1795 Sed
382 1761 467 1811 neque
479 1750 544 1795 tunc
556 1744 632 1810 cives,
645 1762 730 1812 neque
742 1750 807 1796 tunc
818 1761 865 1795 rex
876 1743 933 1812 ipse
945 1750 1053 1797 veretur

319 1811 419 1864 Infesto
431 1813 465 1865 ad
477 1830 564 1865 muros
577 1813 717 1866 volitantes
729 1814 833 1881 agmine
846 1819 946 1865 turmas
1049 1819 1051 1823 ’

318 1880 428 1948 Ducere,
441 1888 467 1934 et
479 1882 607 1934 indomita
619 1884 719 1935 virtute
731 1883 869 1934 retundere
881 1889 990 1948 mentes,

318 1950 481 2019 Responsum
493 1952 616 2020 quoniam
629 1953 692 2003 satis
705 1958 744 2004 est
755 1952 902 2003 meminisse
914 1951 1030 2005 deorum.

317 2019 344 2071 N
344 2037 386 2072 am
399 2021 485 2089 capite
497 2039 513 2072 a
526 2038 626 2072 summo
638 2022 713 2088 regio,
726 2021 845 2072 mirabile
857 2021 939 2088 dictu,

318 2089 436 2141 Candida
448 2089 563 2142 caesaries
574 2108 581 2152 ;
599 2090 726 2143 florebant
738 2097 855 2158 tempora
868 2090 958 2154 lauro;

317 2157 355 2210 At
365 2176 451 2211 roseus
464 2159 549 2210 modio
562 2159 681 2226 fulgebat
693 2161 790 2212 vertice
803 2160 889 2226 crinis,

317 2226 398 2295 Cujus
411 2245 489 2296 quam
502 2235 604 2280 servata
616 2228 662 2281 diu
675 2236 772 2281 natura
783 2229 883 2294 fuisset,

316 2295 381 2348 Pam
394 2297 506 2365 patriam
518 2297 676 2349 incolumem
688 2299 746 2349 Nisi
758 2315 920 2365 regnumque
932 2298 1054 2350 futurum

316 2366 459 2417 Concordes
472 2367 560 2417 stabili
572 2367 711 2419 firmarunt
723 2369 831 2419 numine
844 2367 940 2419 Parcae.

316 2433 386 2503 Ergo
399 2436 482 2487 omnis
495 2453 552 2486 caro
565 2435 695 2488 residebat
707 2454 770 2488 cura
783 2437 884 2505 capillo,

315 2505 402 2556 Aurea
415 2504 523 2555 solemni
536 2511 651 2556 comtum
664 2523 767 2572 quoque
780 2506 862 2557 fibula
874 2507 928 2557 ritu

312 2571 450 2643 Mopsopio
463 2574 540 2625 tereti
553 2575 674 2626 nectebat
688 2576 766 2627 dente
779 2576 882 2628 cicadae.

339 2645 371 2701 N
370 2664 401 2702 ec
414 2663 476 2702 vero
489 2643 546 2701 haec
558 2644 632 2700 tobis
644 2645 761 2698 custodia
773 2663 842 2696 vana
854 2645 954 2709 fuisset,

293 2717 356 2776 Nec
370 2723 474 2797 fuerat,
487 2722 544 2779 nisi
556 2719 657 2794 Scylla,
666 2735 737 2774 noue
749 2715 976 2784 conceptaturere„

284 2792 392 2873 Scylla,
407 2801 503 2875 patrie
518 2798 618 2857 miseri
631 2793 784 2875 patriaeuue
793 2782 1023 2860 inuentasepxhcn

278 2868 301 2926 0
316 2874 454 2936 nimium
469 2877 589 2955 cupidis
604 2874 632 2933 ei
645 2889 705 2929 uon
716 2863 853 2922 inhiasset
863 2851 969 2909 ecculm.
