2700 3242
269 315 302 369 10
500 317 528 370 P.
552 316 703 370 VIRGILII
721 306 883 369 MARONIS

268 422 388 476 Delectos
400 421 491 474 heroas
501 440 509 486 ;
526 426 605 473 erunt
617 421 698 474 etiam
710 420 793 472 alteia
804 420 880 488 bella,

267 493 356 561 Atque
369 491 466 545 iterum
477 490 512 544 ad
523 491 627 557 Trojam
639 507 751 558 magnus
762 490 885 542 mittetur
896 488 1021 544 Achilles.

268 561 347 628 Hinc,
360 560 407 628 ubi
415 563 472 628 jam
483 560 589 612 firmata
600 560 688 612 virum
700 566 726 612 te
738 560 829 611 fecerit
841 567 913 628 aetas,

269 631 349 683 Cedet
361 636 388 682 et
399 629 456 698 ipse
467 630 535 682 mari
546 635 651 693 vector3
669 646 718 681 nec
729 630 838 681 nautica
849 631 927 698 pinus

268 698 387 752 Mutabit
398 716 512 752 merces:
531 699 615 751 omnis
627 699 694 753 feret
705 699 793 751 omnia
805 700 900 751 tellus:

268 768 329 822 Non
340 774 436 821 rastros
448 769 565 838 patietur
576 768 680 835 humus,
692 785 746 820 non
757 769 835 821 vinea
847 769 941 820 falcem
951 787 958 832 ;
1083 769 1118 818 40

270 837 403 891 Robustus
415 855 518 906 quoque
526 840 583 906 jam
595 838 679 890 tauris
687 839 755 905 juga
767 837 849 890 solvet
861 845 965 903 anator3

269 906 325 961 Nec
337 908 421 960 varios
433 907 517 959 discet
527 907 634 959 mentiri
646 906 709 959 lana
720 907 831 973 colores,
876 937 884 943 --

270 977 285 1030 I
304 994 330 1030 se
342 977 387 1029 sed
399 977 427 1028 in
439 977 521 1045 pratis
533 977 600 1028 aries
608 979 669 1044 jam¹
678 993 758 1028 suavc
769 976 882 1028 rubenti*

300 1046 379 1113 uricc,
388 1047 446 1113 jam
458 1061 546 1099 crocco
557 1045 673 1098 mutabit
685 1045 782 1098 vellera
794 1046 850 1098 luto
860 1064 868 1111 3

270 1116 369 1215 §ponte
381 1132 429 1168 sua
441 1115 544 1206 sapdyn
555 1121 691 1196 pascentes
703 1115 800 1212 {efflet}
810 1132 916 1210 agpos·

271 1183 930 1305 eistatitastztffltnffitat⁸¹⁵

270 1317 421 1384 Aggrcdere
432 1333 448 1370 o
459 1335 576 1386 magnos,
588 1319 673 1373 aderit
681 1321 739 1389 jam
751 1326 862 1390 tempus,
875 1322 992 1388 honores,

271 1385 337 1438 Gara
349 1385 429 1439 desim
438 1387 547 1455 suboles,
559 1406 687 1457 magnum
699 1390 718 1442 J
719 1391 775 1442 ovis
786 1391 977 1443 incrementum
988 1394 994 1444 ἔ

270 1454 366 1524 Aspice
378 1473 494 1510 convexo
506 1464 647 1510 nutantem
659 1459 774 1526 pondere
785 1461 923 1527 mundum,
1087 1462 1121 1511 50

270 1523 421 1594 Terrasque,
433 1533 586 1594 tractusque
597 1528 685 1594 maris,
698 1528 845 1596 coelumque
856 1528 1016 1597 profundum
1025 1548 1034 1594 ;

271 1594 373 1663 Aspice,
386 1601 497 1648 venturo
509 1596 636 1648 lactantur
647 1602 680 1648 ut
691 1597 780 1648 omnia
791 1598 881 1650 saeclo!

271 1662 294 1716 0
306 1665 372 1715 mihi
384 1669 440 1716 tam
452 1663 537 1732 longa
549 1671 656 1718 mancat
667 1683 728 1734 pars
740 1666 836 1718 ultima
847 1667 917 1733 vitae,

271 1732 289 1786 S
308 1733 385 1786 iritus
397 1739 432 1800 et,
445 1740 577 1802 quantum
589 1741 630 1787 sat
642 1735 693 1787 erit
705 1740 753 1786 tua
765 1735 852 1787 dicere
863 1736 952 1788 facta:

298 1820 332 1855 on
343 1819 386 1855 ma
398 1803 558 1856 carminibus
570 1804 660 1857 vincet
671 1821 721 1856 nec
733 1804 859 1856 Thracius
872 1805 999 1873 Orpheus,

270 1871 327 1924 Nec
339 1871 420 1924 Linus
431 1891 437 1935 ;
455 1872 519 1924 huic
529 1879 615 1926 mater
626 1873 748 1942 quamvis
760 1879 840 1942 atquc
852 1874 915 1926 huic
926 1880 1002 1942 pater
1013 1875 1090 1941 adsit,

272 1941 371 2010 Orphei
383 1941 521 2010 Calliopea,
534 1941 600 1995 Iino
611 1943 740 1994 formosus
751 1942 853 2011 Apollo.

273 2010 330 2064 Pan
342 2011 422 2064 ctiam
434 2010 548 2063 Arcadia
559 2029 663 2064 mecum
675 2012 697 2064 si
706 2011 796 2079 judice
808 2017 897 2079 certet,

271 2079 330 2134 Pan
342 2081 422 2133 etiam
434 2079 548 2133 Arcadia
560 2081 632 2133 dicat
644 2098 671 2134 se
679 2081 770 2150 judice
782 2082 890 2134 vietum.

272 2149 371 2219 Incipe,
383 2167 464 2218 passe
476 2166 549 2218 puer,
560 2150 617 2202 risu
629 2167 782 2218 cognoscere
793 2158 905 2204 matrem
916 2169 922 2215 ;
1089 2157 1122 2204 00

272 2218 355 2272 Matri
366 2220 446 2288 longa
457 2219 548 2272 decem
559 2220 681 2272 tulerunt
691 2220 801 2273 fastidia
811 2238 922 2275 menses.

273 2289 372 2358 Incipe,
385 2306 465 2358 parve
477 2305 542 2358 puer
552 2308 559 2353 ;
577 2289 621 2342 cui
632 2307 687 2341 non
698 2289 778 2342 risere
789 2296 917 2358 parentes,

273 2357 328 2413 Nec
341 2358 405 2412 deus
417 2359 489 2412 hunc
500 2376 598 2421 mensa,
612 2358 662 2413 dea
673 2376 722 2412 nec
734 2359 845 2429 dignata
857 2361 938 2414 cubili
951 2366 997 2414 est.

500 2533 638 2588 ECLOGA
656 2533 689 2588 V.
723 2531 892 2587 DAPHNIS.

553 2668 706 2707 nausicaa
734 2668 846 2706 MOPSUS.

274 2763 355 2814 Mssa
373 2767 433 2818 Ovs
443 2785 506 2836 non,
520 2768 625 2841 Mopse,
640 2768 702 2825 boni
715 2770 842 2843 quoniam
853 2769 1023 2825 convenimus
1034 2767 1119 2834 ambos

289 2827 417 2884 πίωσι
425 2835 530 2895 Marc
541 2840 626 2916 leves,
639 2861 693 2917 ego
707 2844 799 2902 dicere
810 2860 914 2912 verm,
