2700 3242
516 255 682 310 AENEIDOS
700 257 766 310 LIB.
786 258 822 311 II.
1046 252 1094 304 119

253 355 364 425 Accepit
376 356 481 425 patrios.
512 358 587 411 Ultro
598 358 664 411 flens
675 359 731 428 ipse
743 359 850 411 ridebat

254 426 414 494 Compellare
426 427 520 493 virum,
532 436 559 480 et
571 435 675 481 maestas
688 446 837 497 expromere
849 446 939 484 voces:
1042 434 1092 482 280

256 499 264 525 ‘
274 497 296 550 0
306 495 356 547 lux
368 495 519 561 Dardaniae,
532 513 589 563 spes
602 513 616 548 o
628 497 754 548 fidissima
766 497 900 562 Teucrum,

255 565 318 629 Quae
331 568 415 615 tantae
427 565 645 616 tenueremoraet
664 564 759 632 quibus
772 564 870 615 Hector
883 565 915 615 ab
927 566 978 617 cris

253 634 412 702 Exspectate
424 633 497 684 renis
506 631 516 684 ‘i
534 639 566 683 ut
578 640 604 684 te
616 641 676 700 post
688 633 773 685 multa
785 639 891 684 tuorum

254 703 366 768 Funera,
379 707 438 770 post
449 702 533 753 varios
545 702 733 770 hominumque
744 702 868 770 urbisque
881 703 980 755 labores

254 772 354 825 Defessi
367 771 523 839 aspicimus!
543 787 602 838 quae
614 788 694 824 causa
705 772 815 839 indigna
827 790 928 823 serenos

254 840 375 894 Foedavit
387 840 496 893 vrrltust
514 846 562 893 aut
574 858 621 892 cur
633 841 689 893 haec
701 841 811 893 vulnera
822 858 898 893 cerno
908 842 928 893 t’

255 911 303 964 Ille
315 909 401 974 nihil;
418 927 467 961 nec
478 927 521 962 me
534 915 694 977 querentem
707 927 776 963 vana
787 918 919 965 moratur:

253 979 304 1034 sed
316 979 432 1047 graviter
443 980 557 1047 gemitus
570 980 621 1031 imo
634 979 666 1032 de
679 986 783 1048 pectore
795 981 900 1046 ducens,

252 1047 332 1100 ‘Heu
343 1051 349 1103 Ι
369 1049 438 1115 fuge,
450 1056 513 1101 nate
525 1049 581 1115 dea,
593 1052 671 1116 teque
684 1049 740 1113 his,’
753 1047 799 1111 ait,
811 1047 897 1165 ‘eripe
908 1043 1027 1096 flammis.

251 1117 344 1170 Hostis
355 1116 436 1169 habet
447 1133 534 1168 muros
544 1134 552 1179 ;
568 1116 623 1168 ruit
635 1115 690 1167 alto
702 1132 718 1167 a
730 1114 845 1166 culmine
879 1115 939 1180 roja.
1041 1118 1090 1165 2520

251 1187 300 1239 Sat
312 1186 406 1255 patriae
418 1185 572 1253 Priamoque
585 1185 685 1238 datum.
715 1183 743 1236 si
755 1184 883 1250 Pergama
895 1184 988 1234 dextra

251 1255 368 1308 Defendi
380 1261 490 1324 possent,
503 1257 583 1307 etiam
595 1255 645 1306 hac
657 1254 764 1305 defensa
776 1253 894 1304 fuissent.

251 1325 332 1378 Sacra
344 1342 455 1393 suosque
467 1324 516 1376 tibi
529 1324 694 1376 commendat
706 1323 782 1390 Troja
794 1328 901 1390 penates
911 1338 919 1384 ;

252 1395 310 1448 Hos
322 1412 385 1463 cape
396 1395 511 1446 fatorum
524 1395 630 1446 comites
641 1412 647 1458 ;
660 1393 701 1448 his
713 1392 809 1443 moenia
821 1407 914 1459 quaere,

252 1463 354 1531 Magna
365 1471 496 1532 pererrato
509 1469 607 1515 statues
620 1479 679 1530 quar
691 1462 803 1530 denique
814 1457 910 1528 ponto?

253 1533 297 1586 sic
308 1533 365 1596 ait;
382 1538 409 1586 et
420 1533 542 1585 manibus
554 1532 635 1585 vittas
648 1533 806 1598 Vestamque
818 1535 950 1598 potentem

253 1602 446 1670 AEternumque
458 1603 545 1670 adytis
556 1601 632 1654 effert
642 1600 820 1670 penetralibus
832 1600 927 1666 ignem

285 1669 417 1724 “Diverso
428 1672 528 1724 interea
540 1674 684 1726 miscentur
696 1676 792 1726 moenia
802 1676 874 1726 luctu
887 1694 894 1739 ;

253 1739 289 1793 Et
299 1739 384 1808 magis
396 1747 477 1808 atque
488 1741 579 1808 magis,
593 1757 745 1808 quanquam
757 1746 855 1791 secreta
866 1743 982 1808 parentis

254 1809 377 1862 Anchisae
389 1809 481 1860 domus
493 1809 680 1878 arboribusque
692 1809 795 1861 obtecta
806 1809 918 1875 recessit,
1041 1812 1092 1861 300

256 1879 407 1932 Olarescunt
420 1879 527 1946 sonitus,
540 1896 723 1946 armorumque
735 1879 835 1946 ingruit
847 1878 943 1932 horror.

255 1948 383 2001 Excutior
394 1965 490 2015 somno,
503 1954 530 1999 et
543 1949 638 2000 summi
650 1949 758 2016 fastigia
769 1949 833 2000 tecti

255 2019 372 2070 Aaceusu
384 2034 485 2086 supero,
497 2024 577 2086 atque
589 2019 696 2070 arrectis
708 2018 815 2069 auribus
828 2017 902 2069 adsto
912 2035 919 2080 ;

256 2087 286 2140 In
298 2093 416 2154 segetem
427 2087 510 2140 veluti
524 2104 605 2154 quum
617 2087 723 2139 flamma
734 2087 883 2138 furentibus
894 2085 998 2137 Austris

256 2157 361 2223 Incidit,
373 2162 422 2208 aut
432 2157 540 2225 rapidus
551 2163 676 2209 montano
688 2157 797 2208 flumine
809 2164 909 2208 torrens

255 2227 355 2279 Sternit
366 2243 449 2294 agros,
462 2227 555 2278 sternit
567 2233 625 2279 sata
636 2226 699 2279 laeta
710 2227 841 2293 boumque
853 2223 960 2279 labores.

253 2295 455 2364 Praecipitesque
465 2296 548 2348 trahit
560 2296 653 2359 silvas3
665 2302 754 2364 stupet
767 2296 864 2346 inscius
876 2294 930 2345 alto

252 2365 394 2433 Accipiens
406 2365 521 2417 sonitum
534 2366 590 2417 saxi
602 2365 634 2417 de
647 2366 744 2417 vertice
756 2371 850 2433 pastor.

252 2433 321 2485 Tum
334 2451 395 2486 vcro
406 2435 546 2487 manifesta
557 2435 628 2500 fides,
642 2436 815 2501 Danaumque
828 2438 967 2501 patescunt

254 2503 370 2556 Insidiae.
400 2504 419 2556 J
420 2521 464 2557 am
476 2503 607 2572 Deiphobi
620 2505 693 2555 dedit
705 2503 794 2571 ampla
805 2503 916 2568 ruinam,
1043 2507 1092 2555 310

254 2572 375 2625 Vulcano
387 2580 534 2642 superante,
547 2573 655 2637 domus;
670 2574 727 2641 jam
739 2573 873 2640 proximus
885 2571 960 2623 ardet

254 2642 389 2710 Ucalegon
399 2661 407 2706 ;
424 2643 501 2711 Sigea
513 2643 569 2710 igni
581 2644 649 2694 freta
660 2643 716 2694 lata
726 2642 860 2693 relucent:

254 2711 382 2763 Exoritur
393 2711 540 2792 clamorque
553 2712 636 2764 rirum
650 2712 812 2786 clangorque
823 2710 962 2767 tubarum.

249 2780 331 2829 m
340 2795 430 2830 amens
440 2796 533 2848 capro;
549 2799 601 2838 nec
611 2792 657 2841 sat
670 2788 786 2844 rationis
799 2788 831 2844 iu
842 2788 947 2844 armis:
