2700 3242
340 276 508 331 AENEIDOS
527 276 593 329 LIB.
612 275 674 328 VII.
892 274 940 324 247

233 396 359 447 amorum,
373 378 446 431 duris
458 378 599 445 AEquieula
611 376 701 444 glebis.

233 465 310 500 arram
322 453 452 514 exercent,
466 464 618 515 semperque
630 450 747 497 recentes

233 535 258 569 re
266 519 346 585 juvat
358 517 468 585 praedas,
481 522 508 567 et
521 516 607 568 vivore
619 522 703 582 rapte.

233 592 244 638 t
256 586 392 638 Marrubia
404 586 478 637 venit
490 585 523 636 de
535 591 614 651 gente
627 583 752 650 sacerdos,
890 581 941 633 750

233 672 291 724 iper
303 655 407 722 galeam
420 661 446 706 et
459 654 530 705 feHci
543 660 644 704 comtus
657 653 734 718 oliva,

238 724 307 792 regis
319 724 409 788 missu,
422 722 579 775 fortissimus
593 722 707 773 Umbro:

233 793 311 859 generi
324 798 350 844 et
363 793 480 859 graviter
492 791 652 859 spirantibus
665 789 758 856 hydris

238 862 284 930 qui
297 879 398 913 somnos
411 868 545 927 cantuque
557 877 689 926 manuque
702 859 807 924 solebat,

234 949 286 998 que
299 931 358 994 iras,
372 936 398 982 et
410 947 510 982 morsus
522 936 579 980 arte
591 929 703 980 levabat.

233 1000 368 1052 Dardanias
380 1000 506 1050 medicari
518 998 634 1065 cuspidis
646 999 730 1048 lotum

241 1086 325 1136 neque
338 1086 398 1120 eum
407 1071 500 1136 juvere
512 1068 541 1118 in
554 1067 663 1119 vulnera
675 1075 769 1117 cantus

234 1139 245 1205 i,
259 1145 286 1191 et
298 1138 393 1189 Marsis
406 1138 523 1204 quaesitae
535 1136 669 1187 montibus
681 1135 774 1186 herbar.

234 1225 239 1259 ι
251 1207 395 1275 Anguitiae,
408 1207 492 1258 vitree
505 1211 531 1257 te
543 1205 660 1256 Fucinus
672 1204 751 1268 unda,

234 1276 346 1329 illevere
359 1276 439 1327 lacus.
892 1273 943 1324 700

247 1345 389 1413 Hippolyti
401 1344 485 1413 proles
497 1343 674 1411 pulcherrima
686 1340 754 1392 bello

234 1415 358 1482 nsignem
371 1431 448 1481 quem
460 1421 545 1464 mater
557 1412 647 1464 Aricia
658 1411 739 1476 misit,

234 1529 235 1533 ,
246 1483 348 1551 Egeriae
361 1482 435 1549 lucis,
448 1482 586 1533 humentia
598 1483 697 1532 circum

234 1552 317 1620 'urguis
329 1551 376 1603 ubi
389 1557 415 1604 et
446 1549 564 1602 lacabilis
577 1568 623 1603 ara
634 1550 735 1602 Dianae.

234 1621 323 1673 ferunt
332 1620 403 1673 fama
440 1619 598 1689 ippolytum,
607 1624 745 1687 postquam
760 1625 815 1670 arto
826 1633 943 1669 novercae

234 1689 775 1826 allllussqtlll‘llssbulsspffl

234 1832 261 1880 et
273 1845 379 1896 superas
392 1827 451 1880 cosli
464 1799 565 1880 lenisse
577 1827 626 1879 sub
638 1844 724 1894 auras,

234 1902 377 1949 revocatum
390 1897 477 1948 herbis
489 1902 516 1948 et
528 1913 615 1948 amore
628 1896 727 1948 Dianae.

234 1983 258 2018 er
267 1966 437 2046 omnipotens,
447 1965 562 2033 aliquem
571 1965 725 2031 indignatus
738 1962 771 2016 ab
782 1964 879 2015 umbris
893 1965 943 2015 770

234 2052 242 2086 ι
254 2035 363 2086 informs
376 2035 410 2086 ad
423 2034 525 2086 lumina
537 2051 642 2100 surgere
654 2035 724 2101 vitae,

235 2109 331 2155 rtorem
343 2103 480 2155 medicinas
493 2103 555 2155 talis
567 2110 594 2154 et
606 2103 671 2155 artis

238 2172 427 2239 Phoebigenam
439 2172 545 2239 Stygias
557 2172 670 2224 detrusit
682 2173 711 2224 in
723 2171 815 2224 undas.

234 2263 241 2293 ι
253 2241 431 2310 Hippolytum
443 2241 547 2293 secretis
559 2241 630 2292 elma
641 2241 760 2293 recondit

234 2315 260 2363 et
271 2312 395 2379 nymphae
407 2310 510 2377 Egeriae
522 2310 672 2378 nemorique
684 2311 800 2377 relegat:

235 2424 237 2431 ,
249 2380 277 2431 in
290 2379 362 2432 silvis
375 2380 451 2432 Italis
463 2378 585 2447 ignobilis
598 2396 685 2431 aevum

235 2493 236 2506 ,
248 2466 373 2516 versoque
384 2448 431 2499 ubi
443 2450 547 2500 nomine
560 2449 666 2500 Virbius
679 2453 752 2501 esset.

235 2535 273 2569 rm
284 2518 383 2585 templo
395 2518 491 2569 Triviae
503 2517 621 2585 lucisque
634 2517 742 2569 sacratis

235 2604 261 2639 es
273 2592 396 2638 areentur
409 2587 469 2654 equi
482 2606 488 2650 ;
507 2587 576 2653 quod
589 2587 664 2638 litore
677 2603 783 2637 currum

235 2672 273 2707 em
285 2655 408 2707 monstris
421 2656 509 2722 pavidi
522 2655 636 2707 effudere
648 2655 764 2708 marinis.
895 2655 946 2708 780

235 2724 321 2776 lentes
334 2724 406 2776 haud
419 2724 501 2775 secius
514 2742 615 2792 aequore
627 2724 716 2793 campi

235 2799 251 2844 ,t
262 2810 346 2861 equos,
360 2811 494 2865 curruque
506 2795 535 2850 in
547 2794 621 2852 bella
631 2795 742 2851 ruebat.
