2700 3242
269 320 323 370 414
581 316 789 372 carmena

300 424 388 490 Quum
400 422 486 476 subito
498 422 527 473 in
537 420 624 473 medio
635 437 723 472 rerum
735 417 877 470 certamine
889 433 1005 486 praeeps

335 492 445 559 Corruit,
458 509 473 544 e
485 492 572 560 patria
583 490 674 558 pulsus
686 490 716 540 in
727 488 857 540 exsilium

300 562 362 615 Tale
374 562 429 614 deoe
441 578 540 613 numen
550 579 557 623 ;
575 558 624 611 tali
635 558 758 610 mortalia
769 563 839 608 nutu

335 631 430 684 Fallax
442 635 574 682 momento
587 628 710 696 temporis
722 626 786 679 hora
797 624 880 679 dedit.
1078 629 1112 677 10

434 726 511 780 XIII.
530 725 578 778 AD
597 723 790 777 ANTONIUM
808 722 944 776 MUSAM.

302 813 471 880 Quocumque
482 812 521 863 ire
532 811 623 864 ferunt
634 808 714 863 variae
725 826 773 862 nos
784 815 902 878 tempora
915 810 987 875 vitae,

336 883 452 948 Tangere
464 898 529 948 quas
541 887 631 947 terras,
644 897 760 948 quosque
772 879 860 931 videre
872 879 1006 932 homines:

301 950 461 1019 Dispeream,
474 950 496 1001 si
508 955 535 1002 te
547 949 628 1001 fuerit
640 949 707 1000 mihi
719 949 802 1001 carior
813 947 887 1001 alter.

337 1019 412 1071 Alter
424 1020 494 1071 enim
506 1019 563 1087 quis
576 1024 602 1070 te
615 1018 716 1070 dulcior
727 1035 782 1070 esso
794 1016 897 1087 potest?

302 1088 352 1141 Oui
364 1089 453 1140 Venus
459 1092 527 1140 ants
539 1088 611 1151 alios,
623 1088 686 1153 divi,
698 1086 841 1155 divimque
854 1103 959 1154 sorores,

338 1157 446 1224 Cuncta,
460 1174 543 1225 nequa
555 1157 672 1224 indigna,
685 1157 770 1223 Musa,
783 1157 877 1208 dedere
888 1155 972 1221 bona3

303 1226 411 1292 (Iuncta,
424 1226 518 1294 quibus
530 1226 628 1294 gaudet
641 1225 762 1292 Phoebus,
775 1226 868 1278 chorus
879 1223 987 1295 ipseque
1000 1225 1114 1292 Phoebi;

337 1296 444 1348 Doctior
456 1313 471 1347 o
483 1296 541 1363 quis
554 1302 587 1362 to,
600 1295 686 1362 Musa,
698 1295 778 1347 fuisse
790 1294 893 1364 potest?

304 1365 326 1418 Ο
338 1365 396 1432 quis
409 1371 436 1416 te
447 1364 476 1415 in
488 1365 563 1416 terris
576 1365 695 1432 loquitur
703 1365 845 1432 jucundior
856 1364 927 1417 uno?

339 1434 394 1486 Clio
405 1451 467 1485 nam
480 1440 549 1486 certe
562 1434 674 1497 eandida
687 1451 737 1485 non
751 1433 874 1502 loquitor.
1081 1437 1115 1486 10

305 1503 390 1568 Quare
402 1503 469 1555 illud
482 1503 545 1554 satis
557 1509 604 1568 est,
617 1503 678 1555 site
690 1503 821 1571 permittis
833 1505 915 1555 amari
926 1523 933 1566 3

337 1573 404 1640 Non,
417 1578 507 1624 eontra
519 1578 550 1625 ut
562 1573 597 1624 sit
609 1590 681 1624 amor
693 1579 802 1624 mutuus
813 1573 875 1624 inde
887 1573 960 1626 mihi.

453 1669 525 1722 XIV.
544 1669 584 1722 IN
603 1669 747 1722 OCTAVII
764 1668 936 1721 MORTEM:

305 1770 369 1834 Quis
382 1769 453 1837 deus,
466 1769 566 1836 Octavi,
579 1766 692 1822 tenebis
704 1769 834 1822 abstulit?
852 1787 894 1837 an,
907 1788 967 1839 quae

338 1840 445 1906 Dicunt,
458 1857 500 1905 an,
511 1839 592 1890 nimio
605 1840 699 1906 poeula
712 1840 777 1891 dura
789 1856 858 1891 mero
869 1839 878 1891 ἲ

305 1909 384 1961 Vobis
397 1910 418 1960 si
431 1909 509 1977 culpa
521 1914 559 1959 est
571 1909 647 1960 bilis:
667 1927 714 1960 sua
727 1926 854 1977 quemque
866 1913 1013 1977 sequuntur

339 1979 421 2030 Fata:
440 1978 509 2046 quod
521 1978 645 2029 immeriti
658 1979 756 2030 crimen
768 1978 867 2030 habent
879 1978 969 2046 cyathi
979 1978 989 2031 I

304 2045 407 2115 Scripta
419 2048 525 2114 quidem
537 2053 585 2098 tua
596 2065 642 2099 nos
654 2048 770 2099 multum
782 2047 942 2114 mirabimur,
955 2054 983 2100 et
995 2053 1023 2100 te

339 2117 456 2184 Raptum
469 2122 495 2167 et
508 2117 652 2168 Romanam
662 2116 782 2168 flebimus
794 2117 937 2168 historiam.

304 2183 355 2236 Sed
368 2191 399 2236 tu
411 2186 500 2237 nullus
513 2186 570 2237 eris.
606 2185 731 2251 Perversi‚
745 2186 832 2252 dicite,
844 2203 942 2253 manes,

339 2253 419 2305 Hunc
432 2272 563 2322 superesse
575 2255 644 2323 patri
658 2272 716 2322 quae
728 2255 780 2307 fuit
792 2255 912 2308 invidat

270 2348 328 2402 XV.
337 2349 498 2419 Froqawata
506 2369 538 2403 ea
549 2351 676 2420 Epistola,
688 2369 766 2420 qratia
777 2351 814 2403 ad
824 2352 975 2420 Aoqastum
989 2350 1118 2406 omrem

486 2479 489 2484 ,
505 2438 582 2490 saper
593 2419 704 2472 AEaaide
715 2438 764 2473 soa
775 2421 886 2490 arrepsit.

269 2503 325 2570 Ego
337 2523 398 2557 vero
415 2506 564 2574 frequentes
580 2513 634 2559 ate
653 2507 743 2559 literas
761 2508 868 2574 accipio.
904 2507 941 2560 Et
959 2506 1055 2577 infra:
1075 2506 1117 2560 De

269 2574 353 2625 AEnoa
366 2574 472 2641 quidem
484 2595 548 2642 meo,
562 2577 590 2642 si,
603 2594 645 2628 me
659 2577 794 2642 Hercules,
803 2579 861 2644 jam
876 2577 987 2643 dignum
1005 2577 1117 2629 auribus

265 2641 391 2697 haberem
409 2646 470 2713 tuis,
488 2645 600 2697 libenter
617 2647 758 2699 mitterem.
794 2647 845 2698 Sed
864 2651 970 2698 tantmn
987 2645 1117 2699 inchoata

257 2734 303 2772 res
315 2724 374 2786 est;
389 2724 422 2773 nt
435 2735 513 2791 paene
525 2717 591 2770 nitio
601 2717 700 2767 mentis
708 2722 815 2766 tantam
825 2733 890 2782 opus
902 2716 1036 2782 ingressus
1047 2715 1118 2768 mihi

207 2838 212 2857 ,
253 2793 373 2863 videam
392 2812 484 2868 quum
495 2783 828 2865 prasertim,ntse'is,aIia
836 2784 1118 2846 onoanesmb'morlid

243 2883 329 2943 opus,
345 2871 503 2942 multoque
517 2857 801 2939 potiora-'mim‘
