2700 3242
273 305 324 356 266
504 301 533 354 P.
552 301 708 354 VIRGILII
725 300 887 354 MARONIS

272 405 402 457 Arvorum
414 403 512 472 peeoris
530 420 564 456 ue
576 403 631 469 deo,
644 403 786 470 lucumque
798 401 927 470 diemque,

273 473 325 537 Qui
337 473 415 542 primi
427 472 492 525 fines
532 473 646 540 'quando
658 472 774 524 habuere
785 472 899 524 latinos.

273 542 355 594 Haud
366 543 458 611 proeul
469 542 532 594 hinc
544 542 644 593 Tarcho
656 547 684 593 et
696 541 825 609 Tyrrheni
836 546 897 592 tuta
909 538 1036 592 tenebant

273 611 364 664 Castra
375 612 446 674 loeis,
459 611 578 679 celsoque
590 611 674 662 omnis
687 611 720 662 de
732 609 798 662 eolle
810 609 894 662 rideri

272 680 293 733 J
293 698 336 732 am
347 686 451 750 poterat
462 680 538 747 legio,
550 686 578 732 et
589 680 651 731 latis
663 679 771 732 tenebat
782 679 811 730 in
823 679 899 732 arvis.

273 748 335 801 Huc
348 755 423 818 pater
434 750 530 801 AEneas
542 755 569 801 et
581 748 649 800 bello
660 749 730 801 lecta
738 750 867 816 juventus

273 817 431 885 Succedunt,
443 819 556 886 fessique
568 824 595 870 et
607 835 687 886 equos
699 823 727 870 et
738 835 845 885 corpora
856 822 958 868 curant.

307 888 345 940 At
357 888 446 940 Venus
459 888 579 939 aetherios
590 887 660 939 inter
672 887 722 939 dea
734 887 847 939 eandida
858 886 960 937 nimbos

273 955 349 1009 Dona
360 958 446 1008 ferens
458 956 567 1020 aderat3
585 962 730 1024 natumque
742 956 771 1007 in
783 956 851 1008 valle
863 956 974 1008 reducta

274 1025 311 1078 Ut
323 1026 413 1093 procul
426 1025 526 1093 egelido
539 1031 667 1078 secretum
677 1025 788 1077 flumine
799 1024 875 1092 vidit,
1068 1025 1118 1075 610

273 1094 381 1146 Talibus
392 1095 473 1147 affata
485 1101 525 1146 est
537 1095 622 1174 dietis,
635 1111 713 1163 seque
725 1094 823 1147 obtulit
834 1094 921 1147 ultro:

272 1161 336 1213 “En
348 1162 464 1230 perfecta
475 1160 527 1214 mei
539 1179 665 1229 promissa
678 1161 798 1230 conjugis
810 1168 866 1214 arto

272 1231 384 1283 Munera
395 1249 403 1294 ;
420 1247 454 1282 ne
465 1248 528 1282 mox
539 1236 587 1282 aut
599 1231 751 1298 Laurentes,
763 1235 833 1296 nate,
846 1229 980 1297 superbos,

272 1301 328 1352 Aut
339 1316 426 1351 aerem
438 1299 541 1352 dubites
554 1300 582 1350 in
594 1300 687 1367 proelia
699 1317 803 1368 poscere
816 1297 961 1350 Turnumf’

271 1364 356 1432 Dixit,
369 1372 396 1418 et
408 1370 545 1434 amplexus
557 1368 614 1419 nati
627 1367 755 1435 (lytherea
766 1367 879 1435 petivit3

272 1434 355 1486 Arma
367 1436 415 1486 sub
427 1436 535 1488 adversa
547 1437 635 1504 posuit
647 1436 780 1489 radiantia
792 1453 898 1504 quercu

272 1503 322 1554 Ille
335 1504 390 1556 deae
403 1504 477 1556 donis
489 1511 516 1557 et
528 1510 603 1558 tanto
614 1505 692 1558 laetus
704 1505 801 1557 bonore

272 1571 383 1640 lepleri
395 1574 494 1641 nequit,
507 1581 587 1641 atque
600 1575 688 1627 oculos
700 1591 747 1644 per
758 1575 863 1642 singula
874 1575 965 1642 volvit,

272 1641 446 1710 Miraturque,
457 1643 578 1710 interque
589 1661 684 1696 manus
697 1650 724 1696 et
735 1642 844 1696 brachis
854 1650 942 1697 versat

273 1710 425 1762 Terribilem
437 1712 521 1764 cristis
534 1713 636 1780 galeam
648 1713 820 1780 flammasque
832 1721 989 1781 vomentem,
1066 1716 1117 1766 620

272 1778 471 1849 Fatiferumque
483 1799 578 1848 ensem,
591 1783 699 1834 loricam
711 1800 744 1835 ex
757 1799 807 1834 tere
819 1783 956 1850 rigentem,

273 1848 457 1917 Sanguineam,
470 1851 604 1917 ingentem
614 1871 621 1915 ;
640 1852 725 1919 qualis
737 1869 820 1920 quum
832 1852 928 1904 caerula
940 1850 1025 1904 nubes

272 1917 339 1969 Solis
350 1919 492 1971 inardescit
504 1921 584 1972 radiis
596 1921 726 1988 longeque
737 1921 851 1988 refulget
861 1940 868 1985 ;

272 1987 340 2038 Tum
352 1986 421 2040 leves
433 2006 520 2041 ocreas
532 1989 627 2042 electro
639 2008 755 2058 auroque
766 1998 875 2058 recocto,

272 2056 444 2126 Hastamque,
454 2065 481 2110 et
493 2059 571 2126 clipei
582 2076 635 2111 non
648 2059 793 2112 enarrabile
805 2066 917 2114 textum

272 2126 332 2178 Illie
344 2145 384 2179 res
398 2128 479 2179 Italas
493 2127 720 2196 Romanorumque
732 2129 886 2198 triumphos,

273 2194 354 2246 Haud
366 2203 457 2248 vetum
469 2197 577 2264 ignarus
589 2198 745 2266 venturique
757 2198 855 2250 inscius
867 2198 924 2266 aevi,

272 2263 381 2317 Fecerat
392 2266 541 2334 ignipotens
552 2285 558 2331 ;
577 2267 632 2319 illie
644 2285 728 2335 genus
740 2285 815 2319 omne
827 2268 925 2319 futura

272 2332 367 2402 Stirpis
379 2335 412 2386 ab
425 2335 544 2402 Ascanio,
557 2345 728 2404 pugnataque
740 2337 767 2388 in
781 2337 871 2388 ordine
883 2336 959 2390 bella

271 2402 380 2455 Fecerat
393 2410 420 2456 et
432 2405 510 2457 viridi
522 2406 604 2457 fetam
618 2406 745 2458 Mavortis
757 2406 786 2456 in
798 2412 874 2458 antro
1068 2410 1120 2459 630

271 2472 445 2525 Procubuisse
457 2474 564 2541 lupam:
583 2475 700 2541 geminos
713 2475 775 2526 huie
787 2475 868 2527 ubera
880 2475 982 2526 oireum

271 2541 373 2593 Ludere
405 2543 529 2595 endentes
542 2561 642 2611 pueros,
655 2550 682 2595 et
694 2544 808 2596 lambere
820 2549 933 2596 matrem

272 2560 441 2677 Impavidbs3
459 2612 533 2664 illam
546 2616 623 2665 tereti
636 2614 735 2665 cervice
747 2613 871 2664 reflexam

267 2677 388 2732 Muleere
400 2682 521 2750 alternos,
534 2689 561 2733 et
573 2699 680 2750 corpora
691 2683 789 2749 fingere
802 2682 902 2749 lingua.

256 2749 316 2803 Nee
324 2753 425 2822 procul
438 2753 503 2808 hine
518 2753 638 2824 Romam,
650 2759 679 2806 et
688 2759 779 2822 raptas
788 2752 845 2802 sine
854 2769 925 2804 more
938 2751 1051 2806 Sabinas

245 2821 382 2882 Oonsessu
398 2846 503 2901 caveae,
517 2827 628 2903 magnis
640 2821 811 2884 sueonibus
820 2819 900 2878 sats„
