2700 3242
285 313 337 363 228
519 311 547 366 P.
561 313 715 367 vauss
733 314 896 371 MARONIS

285 415 346 481 Ipse
358 413 491 466 ferebatur
503 414 602 467 Phoebo
615 434 728 470 sacrasse
740 418 858 486 Latinus,

283 483 476 551 Laurentisque
488 483 521 536 ab
533 503 565 537 ea
576 502 672 538 nomen
684 488 801 555 posuisse
813 488 917 543 colonis.

284 553 374 623 Hujus
386 570 447 621 apes
459 571 591 606 summum
604 555 697 624 denses,
709 557 830 610 mirabile
841 559 923 626 dicar,

284 623 401 676 Stridore
412 623 516 690 ingenti
527 623 660 692 liquidum
672 631 746 677 trans
758 627 857 679 aethera
869 640 959 694 vectae,

285 691 441 746 Obsederea
459 692 526 744 icem
537 712 545 757 ;
563 700 597 759 et,
610 694 720 762 pedibus
733 713 780 763 per
790 703 886 748 mutua
896 697 973 749 nexis

283 760 402 814 Examen
415 710 534 814 sulsitum
544 779 617 815 ramo
628 763 767 816 frondente
779 766 912 833 pependit.
973 737 981 764 ’

283 830 414 884 Continuo
426 835 507 895 vates,
521 831 693 881 “Externum
705 831 860 898 cemimus,”
872 833 969 902 inquit,

283 899 457 951 “Adventare
470 899 564 965 virum,
577 904 605 950 et
617 905 705 966 partes
717 906 806 967 petere
818 919 913 968 agmen
925 904 1032 958 easdem

283 967 406 1020 Partibus
420 985 453 1020 ex
465 967 555 1026 isdem,
568 974 595 1019 et
608 984 711 1020 summa
722 969 880 1022 dominarier
892 972 978 1025 arce.'’

283 1037 420 1104 Praeterea,
432 1037 511 1089 castis
523 1037 611 1089 adolet
623 1036 688 1089 dum
700 1038 795 1090 altaria
807 1040 891 1107 toedis,

281 1107 320 1160 Ut
328 1110 409 1175 juxta
420 1107 566 1174 genitorem
578 1106 666 1159 adstat
679 1107 790 1159 Lavinia
801 1109 884 1175 virgo,

282 1176 352 1244 Visa,
364 1177 455 1229 nefas!
474 1175 560 1242 longis
572 1177 756 1245 comprendere
769 1177 884 1228 crinibus
896 1177 993 1245 ignem,

280 1246 369 1315 Atque
381 1262 485 1298 omnem
497 1251 620 1297 ornatum
631 1245 739 1297 flamma
750 1246 897 1314 crepitante
910 1248 1028 1314 cremari,

280 1315 443 1384 Regalesque
455 1332 564 1368 accensa
576 1331 669 1381 comas,
682 1331 791 1367 accensa
803 1332 931 1383 coronam,

280 1385 417 1453 Insignem
427 1385 538 1451 gemmis
548 1403 555 1448 ;
573 1389 632 1436 tum
643 1384 746 1436 fumida
757 1385 859 1436 lumine
870 1385 945 1438 fulvo

280 1453 392 1522 Incola-i,
405 1472 435 1507 ac
447 1454 511 1506 totis
524 1453 673 1506 Vulcanum
686 1470 807 1521 spargere
819 1455 904 1507 tectis.

279 1523 313 1576 Id
325 1541 386 1577 vero
398 1522 557 1576 horrendum
570 1540 601 1575 ac
613 1523 671 1574 visu
683 1521 803 1574 mirabile
816 1523 894 1576 ferri:

278 1592 401 1661 Namque
412 1594 467 1645 fore
479 1593 609 1644 illustrem
620 1592 693 1644 fama
703 1592 819 1660 fatisque
831 1592 962 1645 cauebant

279 1661 370 1730 Ipsam
380 1681 388 1727 ;
406 1662 451 1714 sed
463 1661 560 1730 populo
572 1679 699 1728 magnum
711 1662 865 1729 portendere
877 1662 985 1716 bellum.

278 1732 316 1785 At
327 1749 375 1784 rex
387 1731 514 1784 sollicitus
527 1731 650 1782 monstris
663 1731 769 1783 oracula
780 1730 874 1798 Fauni,

278 1800 394 1854 Fatidici
405 1800 539 1868 genitoris,
551 1799 615 1866 adit,
628 1800 753 1866 lucosque
766 1800 814 1851 sub
826 1800 883 1852 alta

278 1871 398 1923 Consulit
411 1869 548 1922 Albunea:
565 1886 702 1921 nemorum
714 1886 773 1937 quae
784 1870 901 1921 maxima
913 1886 986 1922 sacro

277 1939 363 1992 Fonte
376 1944 458 2005 sonat,
471 1955 619 2006 servamque
630 1938 739 1990 exhalet
751 1955 832 2005 opaca
843 1939 991 2006 mephitim.

278 2008 350 2062 Hinc
364 2009 440 2061 Italae
451 2014 551 2076 gentes,
563 2008 699 2075 omnisque
712 2008 833 2059 OEnotria
845 2008 932 2074 tellus,

277 2078 311 2131 In
324 2079 410 2131 dubiis
422 2095 545 2146 responsa
556 2081 659 2145 petunt.
696 2076 757 2129 Huc
770 2077 838 2129 dona
850 2078 968 2129 sacerdos

278 2148 366 2212 Quum
378 2148 449 2214 tulit,
461 2153 489 2199 et
501 2163 627 2199 caesarum
638 2145 728 2198 ovium
740 2146 788 2197 sub
801 2151 877 2198 nocte
890 2146 980 2198 silenti

276 2216 394 2270 Pellibus
406 2216 529 2269 incubuit
542 2216 637 2281 stratis,
651 2232 805 2283 somnosque
817 2216 913 2283 petivit
925 2233 931 2268 :

277 2285 367 2339 Multa
378 2286 462 2338 modis
474 2286 615 2337 simulacra
626 2285 699 2338 videt
711 2285 852 2337 volitantia
863 2285 944 2352 miris,

276 2355 312 2409 Et
324 2355 410 2409 varias
422 2355 498 2408 audit
510 2371 592 2422 voces,
604 2354 755 2420 fruiturque
768 2353 875 2406 deorum

277 2425 417 2492 colloquio,
430 2429 509 2492 atque
521 2423 582 2475 imis
594 2422 744 2475 Acheronta
756 2422 853 2475 affatur
865 2423 983 2476 Auernis.

276 2493 329 2547 Hic
341 2501 369 2546 et
382 2500 440 2545 tum
452 2498 528 2561 pater
539 2493 594 2560 ipse
607 2499 699 2560 petens
710 2508 834 2559 responsa
845 2493 957 2544 Latinus

276 2563 389 2616 Centum
401 2563 531 2630 lanigeras
542 2559 678 2614 mactabat
688 2561 739 2613 rite
751 2561 879 2628 bidentes,

275 2632 365 2700 Atque
377 2632 472 2683 harum
484 2631 592 2683 effultus
605 2635 678 2698 tergo
691 2630 832 2697 stratisque
841 2629 948 2697 jacebat

272 2699 439 2755 Velleribus:
457 2699 547 2756 subita
559 2717 592 2752 ex
604 2700 659 2752 alto
671 2717 723 2752 vox
735 2700 839 2752 reddita
850 2699 910 2751 luco
923 2705 980 2753 est:

257 2773 327 2830 “N‘'
335 2783 406 2849 Pete
417 2778 567 2837 connubiis
580 2782 678 2834 natam
689 2774 792 2831 sociare
797 2772 911 2836 battuta,
922 2839 930 2851 ἱ

243 2845 271 2902 0
281 2867 348 2908 ’Μ
360 2856 527 2930 Ρΐθὲθηὶθε,
543 2852 682 2913 thalamis
693 2866 752 2906 neu
762 2843 841 2900 crede
849 2847 951 2912 paraus
958 2855 972 2900 ·,
