2700 3242
275 305 327 358 126
518 303 547 356 P.
566 302 722 355 VIRGILII
740 302 902 357 MARONIS

277 405 314 457 Ut
326 403 433 456 tandem
446 411 507 456 ante
520 404 607 456 oculos
619 404 703 457 evasit
715 410 741 457 et
753 422 798 457 ora
810 412 958 473 parentum,

277 475 404 540 Concidit,
416 491 447 526 ac
458 474 543 526 multo
558 475 641 525 vitam
653 491 714 525 cum
727 475 854 542 sanguine
865 475 944 528 fudit

277 543 329 594 Hic
342 543 469 608 Priamus,
483 559 633 611 quanquam
645 544 673 594 in
685 544 772 594 media
780 546 838 611 jam
848 552 932 596 morte
945 551 1059 611 tenetur,

275 611 336 665 Non
348 619 437 664 tamen
449 612 585 678 abstinuit,
598 629 646 664 nec
658 612 717 664 voci
729 613 825 680 iraeque
856 614 961 681 epercit.

279 685 334 734 ‘At
346 681 396 733 tibi
408 697 454 750 pro
467 680 576 744 scelere,'
589 679 727 745 exclamat,
740 682 747 706 ‘
773 697 803 732 ro
854 681 912 733 ibus
923 682 1002 746 ausis,

275 747 319 816 Di,
332 751 352 800 si
365 766 418 816 qua
430 753 469 799 est
481 747 545 799 coelo
557 747 649 814 pietas,
662 764 720 815 quae
732 697 798 798 talia
809 753 890 811 curet,

276 818 429 870 Persolvant
440 823 527 885 grates
540 817 640 884 dignas,
653 823 681 869 et
692 816 801 885 praemia
811 817 924 868 reddant

276 887 378 952 Debita,
392 887 437 955 qui
449 887 507 938 nati
519 903 605 938 coram
617 902 659 936 me
671 902 775 937 cernere
787 885 871 938 letum

277 956 381 1020 Fecisti,
394 962 421 1008 et
432 955 530 1025 patrios
542 955 646 1007 foedasti
658 955 751 1006 funere
763 955 860 1007 vultus.

276 1025 313 1077 At
325 1043 377 1078 non
390 1025 443 1091 ille,
456 1030 543 1076 satum
556 1041 607 1092 quo
620 1031 646 1076 te
658 1024 785 1089 mentiris,
798 1024 914 1076 Achilles
1067 1030 1119 1079 540

275 1094 346 1147 Talis
359 1096 386 1146 in
399 1094 473 1147 hoste
484 1094 539 1146 fuit
551 1094 654 1146 Priamo
665 1112 672 1157 ;
690 1093 736 1145 sed
744 1095 807 1161 jura
819 1094 950 1162 fidemque

276 1163 408 1233 Supplicis
420 1164 533 1228 erubuit,
546 1180 691 1231 corpusque
702 1180 836 1231 exsangue
848 1163 966 1231 sepulcro

277 1233 402 1286 Reddidit
414 1233 581 1300 Hectoreum,
593 1248 687 1300 meque
699 1232 727 1283 in
738 1249 797 1284 mea
808 1249 890 1300 regna
901 1233 1019 1286 remisit)

275 1303 318 1356 Sic
331 1305 402 1356 fatus
415 1303 506 1371 senior,
520 1303 655 1370 telumque
667 1301 772 1353 imbelle
784 1302 840 1354 sine
853 1302 909 1354 ictu

275 1373 391 1441 Cenjecit
398 1393 405 1437 ;
422 1390 501 1425 rauco
514 1373 582 1441 quod
594 1372 715 1440 protinus
727 1388 776 1423 aere
787 1371 930 1439 repulsum,

274 1442 310 1494 Et
323 1460 423 1495 summo
435 1442 512 1510 clipei
524 1442 704 1509 nequidquam
715 1441 828 1492 umbone
840 1441 973 1509 pependit.

275 1511 323 1564 Oui
337 1512 469 1579 Pyrrhus:
486 1511 607 1564 ‘Referes
620 1527 681 1577 ergo
694 1510 756 1568 haec,
770 1516 797 1561 et
808 1511 922 1563 nuncius
932 1509 983 1562 ibis

275 1581 372 1633 Pelidae
384 1580 513 1649 genitori:
531 1580 572 1630 illi
583 1597 642 1630 mea
654 1578 741 1630 tristia
753 1578 825 1630 facta

274 1651 486 1718 Degeneremque
498 1648 698 1716 Neoptolemum
710 1665 815 1700 narrare
827 1654 966 1701 memento.

273 1719 352 1774 Nunc
365 1715 480 1769 morere.’
500 1714 557 1766 Hoc
570 1714 667 1775 dicens,
677 1715 773 1767 altaria
784 1715 818 1766 ad
830 1716 887 1784 ipsa
899 1720 1057 1768 trementem
1068 1719 1120 1770 650

275 1782 367 1834 Traxit
379 1788 406 1834 et
417 1781 446 1832 in
458 1780 543 1832 multo
555 1780 702 1848 lapsantem
714 1780 842 1847 sanguine
853 1782 918 1845 nati,

275 1851 461 1920 Implicuitque
474 1867 574 1902 comam
587 1850 660 1916 laeva,
672 1849 818 1929 dextraque
830 1867 967 1902 coruscum

276 1921 380 1973 Extulit
392 1937 423 1972 aa
435 1918 512 1971 lateri
524 1919 617 1986 capulo
630 1925 707 1971 tenus
719 1918 822 1970 abdidit
834 1936 928 1972 ensem.

277 1990 340 2043 llaec
352 1990 412 2042 finis
424 1988 523 2040 Priami
534 1988 667 2052 fatorum3
686 1988 729 2039 hic
741 1987 828 2040 exitus
841 1988 918 2040 illum

274 2060 348 2112 Sorte
361 2059 432 2124 tulit,
445 2058 548 2125 Trojam
560 2058 694 2110 incensam
706 2063 733 2109 et
745 2057 866 2126 prolapsa
877 2057 1012 2110 videntem

276 2129 409 2197 Pergama,
423 2135 462 2180 tot
475 2127 606 2195 quondam
619 2127 722 2195 populis
735 2127 863 2194 terrisque
874 2128 1016 2195 superbum

277 2199 449 2267 Regnatorem
462 2197 538 2249 Asiae.
574 2197 593 2248 J
595 2203 652 2248 acet
665 2197 758 2263 ingens
770 2196 846 2249 litore
859 2204 976 2262 truncus,

275 2269 455 2336 Arulsumque
468 2266 582 2318 humeris
595 2272 682 2334 caput,
697 2273 723 2317 et
735 2266 790 2317 sine
802 2267 908 2318 nomine
920 2284 1021 2335 corpusv

309 2342 323 2369 “
332 2343 368 2392 at
379 2357 422 2391 me
433 2343 492 2391 tum
504 2337 619 2406 primum
631 2353 715 2389 saevus
727 2336 900 2390 circumstetit
912 2338 1020 2390 homor:

274 2407 404 2476 Obstupui
415 2427 422 2472 3
440 2407 521 2460 subiit
533 2406 587 2458 cari
599 2406 724 2474 genitoris
736 2406 830 2474 imago,
1065 2411 1117 2460 560

276 2478 310 2530 Ut
322 2495 410 2545 regem
422 2493 567 2544 aequaevum
579 2475 679 2527 crudeli
692 2475 800 2526 vulnere
812 2475 868 2527 vidi

277 2547 364 2598 Vitam
376 2546 558 2608 exhalantem3
577 2543 656 2596 subiit
669 2544 771 2596 deserta
784 2545 887 2612 Oreiisa,

276 2617 307 2668 Et
320 2616 422 2683 direpta
435 2616 534 2679 domus,
546 2620 573 2665 et
586 2614 660 2682 parri
672 2631 747 2666 casus
760 2614 819 2666 Iuli.

277 2685 400 2753 Respicio,
413 2691 439 2736 et
452 2701 510 2752 quae
523 2684 557 2734 sit
569 2700 610 2734 me
623 2684 722 2734 circum
734 2683 808 2751 copia
820 2683 911 2738 lustro.

263 2755 409 2807 Oesenzere
422 2771 513 2808 omnes
526 2752 620 2807 defessi
631 2772 638 2818 ;
656 2759 684 2806 et
695 2769 801 2822 corpora
813 2754 883 2804 saltu

245 2823 295 2874 Ad
306 2830 409 2879 terram
423 2826 522 2883 misere
534 2833 587 2883 aut
600 2825 712 2899 ignibus
724 2842 798 2894 agra
808 2823 913 2875 debere.
