2700 3242
516 289 691 345 'AENEIDOS
708 291 777 345 ΙιΙΒ.
796 291 828 346 Χ,
1050 296 1103 346 295

254 389 354 458 Redde,
366 407 417 459 oro,
429 392 548 458 miseris;
565 394 715 463 iterumque
726 394 858 447 revolvere
869 411 945 448 cesus

251 463 301 530 Da,
314 467 396 531 pater,
408 461 502 515 Iliacos
515 461 643 514 Teucris.'’
679 462 747 513 'l'um
759 463 832 529 regia
844 464 863 515 J
864 480 918 514 uno

251 536 320 585 Acta
332 532 419 583 furore
431 531 521 600 gravi:
540 531 633 594 “Quid
644 548 687 583 me
698 531 755 583 alta
767 531 873 583 silentia
884 532 956 596 cogis

254 597 395 665 Rumpere,
407 603 435 650 et
446 597 590 650 obductum
602 597 688 650 verbis
701 597 810 666 vulgare
822 599 957 652 doloreml

252 667 358 719 AEnean
370 666 507 719 hominum
518 667 658 735 quisquam
670 667 814 735 divumque
826 667 932 735 subegit

252 735 329 788 Bella
343 737 424 804 sequi,
435 743 484 788 aut
496 736 597 788 hostem
609 736 665 803 regi
678 754 705 788 se
717 737 814 789 inferre
826 737 942 790 Latinol

253 805 362 858 Italiam
373 805 436 857 fatis
448 806 527 873 petiit
539 806 816 858 auctoribus—esto-

253 874 404 927 (lassandrae
416 874 546 944 impulsus
558 875 642 928 furiis.
677 875 751 927 Num
763 875 882 944 linquere
893 881 980 929 castra

252 943 362 1010 Hortati
375 961 465 996 sumus
477 951 525 997 aut
537 945 621 997 vitam
633 945 796 996 committere
808 946 894 998 ventis
904 945 915 998 i

251 1012 325 1067 Num
337 1030 418 1081 puero
430 1031 560 1066 summam
572 1013 641 1080 belli,
654 1031 719 1065 num
732 1015 836 1068 credere
847 1013 956 1067 murosi
1065 1015 1100 1071 70

251 1081 449 1150 Tyrrhenamve
460 1083 539 1134 fidem
552 1090 599 1135 aut
611 1089 703 1151 gentes
715 1084 817 1150 agitare
829 1084 952 1165 quietas?

253 1152 318 1216 Quis
331 1152 396 1204 deus
408 1153 436 1204 in
448 1152 577 1220 fraudem,
589 1169 647 1222 quae
660 1153 728 1204 duma
739 1160 859 1221 potent1a
870 1155 952 1206 nostri

251 1221 336 1289 Egitl
373 1221 424 1274 Ubi
436 1222 480 1274 hic
492 1222 573 1289 June,
586 1222 730 1274 demissave
743 1222 857 1275 nubibus
869 1223 939 1275 Irisl

251 1291 401 1360 Indignum
413 1297 460 1358 est,
473 1291 555 1344 Italos
567 1292 671 1360 Trojem
684 1292 847 1344 circumdare
858 1292 971 1344 flammis

251 1359 278 1412 N
278 1367 418 1428 escentem,
431 1367 458 1413 et
470 1361 557 1429 patria
569 1361 689 1412 Turnum
701 1362 841 1414 consistere
853 1368 930 1430 terra,

252 1429 302 1482 cui
314 1430 454 1482 Pilumnus
466 1448 539 1498 avus,
551 1431 595 1482 cui
608 1431 670 1483 diva
683 1431 789 1482 Venilia
799 1437 891 1485 mater.

253 1499 331 1566 Quid,
344 1499 402 1552 face
414 1499 538 1568 mojano
550 1506 609 1552 atra
620 1500 675 1552 vim
687 1500 755 1552 ferre
767 1499 869 1553 Latinis
879 1499 889 1554 l

251 1568 325 1621 Arva
337 1569 424 1622 aliena
432 1571 498 1638 jugo
510 1586 634 1638 premere,
646 1575 727 1637 atque
739 1570 876 1623 advertere
888 1570 1012 1639 praedasi

253 1637 332 1704 Quid,
344 1655 443 1690 soceros
455 1638 548 1706 legero,
560 1645 588 1691 et
599 1639 706 1706 gremiis
718 1638 847 1692 abducere
858 1641 970 1708 pectasi

252 1705 349 1760 Pacem
361 1725 434 1760 orare
445 1725 534 1775 manu,
547 1708 683 1778 praefigere
694 1707 828 1776 puppibus
840 1709 935 1763 armai
1064 1713 1098 1763 80

252 1775 293 1829 Tu
305 1783 380 1845 potes
391 1777 495 1829 AEnean
506 1778 628 1830 manibus
641 1778 786 1830 subducere
799 1779 916 1846 Graium,

251 1844 356 1914 Proque
367 1847 423 1900 viro
435 1845 559 1899 nebulum
571 1852 599 1900 et
611 1853 703 1899 ventos
715 1847 855 1900 obtendere
866 1849 958 1901 inanes
969 1866 977 1912 3

251 1915 288 1968 Et
300 1925 374 1984 potes
385 1916 414 1968 in
426 1916 537 1968 totidem
550 1916 659 1969 classem
670 1925 821 1970 convertere
833 1917 980 1985 nymphas:

250 1983 277 2036 N
278 2002 306 2036 os
318 1985 419 2067 aliquid
433 1986 545 2038 Rutulos
557 1993 649 2038 contra
656 1987 765 2054 juvisse,
777 1987 922 2039 nefandum
934 1985 994 2040 esti

251 2053 350 2106 AEneas
362 2072 470 2122 lgnerus
482 2054 556 2108 abest
566 2074 571 2109 :
590 2056 699 2123 ignarus
710 2062 738 2108 et
750 2055 826 2108 absit.

251 2123 301 2176 Est
313 2123 428 2192 Paphus,
442 2124 610 2193 Idaliumque
621 2124 679 2192 tibi,
692 2132 755 2177 sunt
766 2125 822 2177 alta
834 2124 950 2193 Cythera
960 2142 967 2180 :

253 2192 324 2256 Quid
335 2194 472 2261 gravidam
484 2194 559 2246 bellis
571 2195 663 2247 urbem
675 2200 703 2247 et
715 2195 793 2247 corda
804 2211 896 2262 aspera
909 2192 1016 2248 tentari

251 2261 340 2314 Nosne
351 2263 402 2315 tibi
413 2262 499 2315 fluxas
511 2263 634 2332 Phrygiae
646 2281 687 2316 res
700 2270 800 2316 vertere
811 2264 895 2317 fundo

252 2331 404 2385 Gonamurl
422 2333 491 2386 noel
509 2349 544 2385 an
556 2335 662 2386 miseros
674 2333 721 2401 qui
734 2333 813 2385 Troas
826 2333 933 2386 Achivis

253 2399 376 2469 Objeciti
393 2418 453 2470 quse
465 2420 546 2455 causa
556 2404 617 2468 fuit,
629 2420 785 2470 consurgere
797 2403 826 2454 in
838 2419 911 2455 arms
1061 2405 1096 2457 90

251 2470 436 2540 Europamque
449 2473 597 2540 Asiamque,
610 2479 637 2524 et
648 2473 747 2524 ioedera
759 2472 858 2524 solvere
869 2473 941 2524 furto
952 2470 964 2525 'i

251 2538 297 2592 Me
309 2540 376 2593 duce
388 2541 538 2594 Dardanius
550 2542 672 2609 Spartam
684 2542 849 2609 expugnavit
860 2540 985 2594 adulteri

250 2609 309 2662 Aut
320 2625 368 2676 ego
380 2609 435 2663 tela
446 2610 514 2677 dedi,
527 2611 614 2663 fovive
627 2611 757 2678 Cupidine
769 2609 858 2662 bellet

251 2677 320 2730 Tum
332 2678 422 2731 decuit
432 2681 558 2732 metuisse
569 2680 623 2732 tuis
635 2698 642 2742 ;
661 2697 733 2732 nunc
746 2696 803 2731 sera
815 2679 928 2746 querelis

251 2747 333 2800 Haud
340 2748 422 2813 justis
433 2749 555 2818 assurgis,
568 2754 595 2803 et
607 2749 687 2804 irrita
697 2749 790 2822 jurgia
798 2745 905 2821 iusim?

277 2815 387 2868 sentus
397 2817 491 2874 orabat
502 2819 526 2875 J
526 2838 598 2879 uno:
619 2823 778 2896 cunctique
786 2818 953 2878 nemesim
