2700 3242
509 273 676 329 AEnumos
694 274 760 328 LIB.
780 274 832 330 111.
1044 277 1093 330 145

245 369 336 441 Iunge
347 373 441 442 procul
452 372 538 442 longis
551 376 595 428 via
606 373 703 427 dividit
715 374 788 426 invia
800 375 883 428 terris.

246 442 315 494 Ante
327 447 355 494 et
367 442 505 495 Trinacria
516 444 658 496 lentandus
670 460 757 495 remus
769 444 798 494 in
810 445 889 510 unde,

246 509 280 562 Et
291 511 355 563 salis
367 511 479 564 Ausonii
490 513 659 565 lustrandum
670 512 783 563 nasibus
796 530 892 580 aequor‚

247 578 400 648 Infernique
412 581 493 647 lacus,
505 581 636 650 AEaeaeque
647 581 735 632 insule
748 581 835 648 Circae,

248 648 333 712 Quem
344 655 407 701 tnta
418 651 500 718 poesis
512 651 604 703 urbem
616 667 769 718 componere
781 657 857 703 tene.

247 716 329 785 Signa
340 717 392 770 tibi
404 718 508 782 dicem3
526 726 558 772 tu
570 719 676 772 condite
688 726 777 770 mente
789 726 894 772 teneto:

248 786 336 850 Quum
348 787 399 840 tibi
411 787 523 840 sollicito
535 789 627 841 secreti
639 789 673 841 ad
686 787 803 840 fluminis
815 789 914 842 undum

247 854 359 908 Litoreis
371 857 465 924 ingens
477 858 587 911 inventa
598 857 646 910 sub
659 857 763 909 ilicibus
775 875 826 924 sus,
1043 862 1097 911 300

247 924 369 992 Triginta
384 926 503 994 capitum
514 927 585 979 fetus
597 927 683 992 enixe,
694 926 801 994 jacebit,

247 994 324 1060 Alba,
337 993 392 1047 selo
403 995 539 1063 recubans,
551 997 605 1048 albi
617 996 717 1048 circum
729 996 811 1048 ubera
822 996 896 1050 nati:

247 1063 275 1115 Is
286 1063 361 1116 locus
372 1064 445 1116 urbis
457 1065 514 1131 erit,
526 1065 628 1134 requies
641 1083 672 1117 ea
685 1071 756 1117 certe
768 1066 894 1120 laborunu

246 1131 304 1186 Nec
316 1137 350 1185 tu
360 1150 511 1185 mensurum
523 1153 623 1187 morsus
635 1135 753 1185 horresce
764 1134 886 1198 futur0s;

248 1201 317 1255 Feta
328 1202 400 1254 viem
412 1202 555 1269 invenient,
568 1204 705 1271 aderitque
718 1210 826 1255 vocatus
837 1204 939 1272 Apollo.

247 1270 306 1323 Hes
318 1278 410 1323 autern
422 1277 504 1324 terres
517 1273 632 1341 Italique
644 1273 713 1324 hanc
725 1272 808 1324 litoris
821 1291 900 1338 orem,

248 1339 375 1393 Proxime
387 1357 446 1408 ques
458 1342 541 1393 nostri
553 1341 723 1410 perfunditur
735 1342 845 1408 aequoris
857 1349 930 1408 cestu,

248 1408 360 1477 Effuge:
379 1415 476 1462 cuncte
487 1411 563 1462 malis
575 1410 732 1462 habitantur
743 1412 840 1463 moenia
852 1412 943 1464 Graiis.

249 1478 304 1531 Hic
316 1484 345 1530 et
357 1478 466 1546 Narycii
478 1487 623 1547 posuerunt
635 1480 732 1531 moeniu
745 1480 826 1546 Locri,

248 1547 286 1599 Et
298 1546 459 1600 Sallentinos
472 1549 572 1601 obsedit
583 1550 669 1601 milite
682 1566 786 1616 campos
1043 1554 1096 1605 400

249 1616 360 1685 Lyctius
374 1616 531 1670 Idomeneus
541 1638 548 1682 ;
565 1619 609 1671 hic
621 1618 669 1670 illa
681 1618 755 1669 ducis
767 1618 884 1672 llleliboei

249 1685 339 1738 Parva
350 1685 505 1739 Philoctetae
518 1688 630 1740 subnixu
643 1687 744 1740 Petelia
755 1705 837 1741 muro.

251 1755 331 1822 Quin,
343 1755 391 1807 ubi
403 1757 560 1809 transmissae
574 1758 696 1809 steterint
708 1763 781 1808 trans
793 1775 898 1826 aequora
910 1758 1012 1825 classes,

250 1824 288 1878 Et
299 1824 392 1893 positis
404 1825 456 1878 eris
465 1827 522 1893 Jam
535 1832 596 1878 vota
609 1827 637 1877 in
649 1827 726 1878 litore
738 1828 821 1879 solves
833 1846 839 1889 ;

251 1893 390 1963 Purpureo
402 1894 489 1948 velare
501 1912 588 1948 comes
600 1896 740 1963 adopertus
752 1897 859 1962 amictu,

251 1963 295 2017 Ne
306 1980 361 2032 qne
372 1963 442 2016 inter
454 1971 556 2017 sanctos
568 1965 643 2032 ignes
655 1966 684 2016 in
696 1966 792 2017 honore
805 1966 912 2018 deorum

252 2032 366 2086 Hostilii
378 2034 458 2086 facies
471 2042 590 2086 occurrat
605 2040 631 2087 et
643 2040 732 2086 omina
744 2035 840 2086 turbet.

252 2104 336 2157 Hunc
348 2103 411 2155 sccii
422 2120 522 2156 morem
534 2121 672 2169 sacrorum,
686 2104 757 2154 hunc
769 2105 825 2172 ipsc
837 2110 942 2167 teneto;

252 2173 314 2226 Hac
326 2173 393 2225 cesti
405 2178 530 2225 maneant
542 2173 571 2224 in
583 2173 709 2240 religione
720 2180 834 2241 nepotes.

252 2242 310 2310 Ast,
323 2242 371 2294 ubi
382 2241 528 2309 digressum
541 2242 635 2295 Siculae
647 2247 675 2293 te
687 2242 831 2294 admoverit
844 2260 895 2294 orae
1046 2245 1098 2295 410

253 2310 365 2378 Ventus,
377 2316 404 2363 et
416 2311 523 2378 angusti
535 2317 667 2363 rarescent
679 2312 794 2363 claustra
805 2311 899 2378 Pelori,

254 2380 334 2434 Laeva
346 2381 396 2433 tibi
408 2380 487 2432 tellus
499 2387 526 2432 et
538 2382 616 2446 longo
628 2381 694 2432 laeva
706 2386 832 2447 petantur

253 2451 374 2519 AEquors
385 2449 499 2502 circuitu
509 2469 516 2513 ;
534 2450 658 2502 dextrum
670 2450 733 2516 fuge
746 2451 809 2501 litus
821 2456 848 2501 et
860 2450 952 2502 undas.

255 2520 322 2572 Haec
334 2520 398 2586 loce,
411 2519 438 2571 vi
451 2519 582 2586 quondam
596 2525 622 2570 et
635 2524 710 2570 vasta
722 2519 846 2571 convulsa
857 2521 942 2585 ruine,

254 2590 372 2642 Tantum
384 2589 434 2641 nevi
446 2588 590 2656 longinqua
602 2589 673 2640 valet
685 2595 788 2640 mutere
800 2592 932 2641 vetustas!

253 2659 406 2712 Dissiluisse
418 2658 515 2724 ferunt,
529 2675 611 2725 quum
624 2666 748 2725 protenus
760 2666 872 2724 utraque
884 2658 963 2710 tellus

255 2730 318 2782 Una
329 2728 398 2780 foret
408 2746 415 2790 3
433 2728 506 2778 venit
518 2727 603 2778 medio
616 2727 643 2778 vi
655 2733 760 2798 pontus,
772 2734 800 2780 ct
810 2727 893 2782 uubis

257 2797 411 2863 [lespen'um
423 2796 513 2849 Siculo
523 2797 596 2851 letus
608 2798 738 2872 abscidit,
749 2819 871 2875 uruuque
884 2808 912 2858 et
922 2801 1010 2856 ulixes

674 2900 693 2940 L
