2700 3242
414 462 447 517 P.
462 457 670 518 VIRGILII
707 453 919 510 MARONIS

347 658 986 756 AENEIDOS

500 885 628 938 LIBER
652 883 841 950 QUINTUS.

603 1050 735 1068 W

247 1189 378 1242 Iunnnrn
390 1188 508 1240 medium
519 1187 615 1241 AEneas
624 1190 682 1257 jam
694 1187 775 1240 classe
787 1187 895 1240 tenebat

247 1259 343 1312 Certus
355 1259 413 1324 iter,
426 1257 575 1327 fluctusque
587 1264 658 1310 atros
668 1259 800 1326 Aquilone
813 1258 923 1324 secabat,

247 1327 351 1381 Moenia
362 1345 404 1380 ree
423 1327 511 1394 ioiens,
525 1345 583 1397 quae
592 1329 650 1396 jam
662 1327 777 1380 infelicis
789 1326 879 1379 Elissa

247 1397 388 1450 collucent
399 1345 520 1449 iammis.
556 1397 620 1460 Quae
634 1402 740 1448 tanturn
752 1395 902 1448 accenderit
915 1394 1010 1462 ignem,

248 1467 336 1519 Canae.
348 1466 432 1529 lotet;
450 1465 511 1516 duri
522 1483 619 1533 magno
632 1465 677 1517 red
689 1482 776 1517 amore
789 1465 888 1516 dolores

248 1535 364 1602 Polluto,
376 1541 530 1602 notumque,
542 1535 634 1586 furens
646 1535 711 1602 quid
724 1534 822 1586 femina
834 1533 923 1602 possit,

247 1605 335 1657 Triste
347 1621 395 1672 per
406 1604 550 1670 augurium
562 1604 723 1656 Teucrorum
735 1609 842 1671 pectora
855 1603 963 1654 ducunt.

248 1673 288 1726 Ut
301 1672 410 1742 pelagus
423 1679 531 1726 tenuere
543 1679 621 1740 rates,
634 1690 683 1725 nec
691 1674 748 1741 jam
761 1672 874 1740 amplius
885 1672 942 1723 ulla

250 1742 373 1796 Occurrit
385 1742 472 1809 tellus,
484 1743 568 1794 marie
580 1743 699 1810 undique
711 1748 738 1793 et
750 1742 868 1809 undique
880 1742 975 1793 coelum
987 1759 993 1804 ;

250 1812 306 1865 Olli
317 1811 445 1864 caeruleus
457 1828 537 1880 supra
549 1818 630 1880 caput
642 1811 749 1863 adstitit
761 1811 851 1874 imber,
1064 1812 1098 1861 10

248 1881 363 1934 Noctem
375 1880 539 1949 hiememque
551 1882 637 1932 ferens
648 1899 655 1944 ;
674 1887 702 1932 et
713 1880 846 1931 inhorruit
857 1878 930 1932 undu
943 1879 1063 1932 tenebris.

248 1949 579 2088 iffiffbffissipiiii
592 1950 734 2071 iiiiii?
746 1949 847 2072 {iiiiii
856 1989 939 2072 nimbi
952 2021 962 2071 2

250 2087 362 2154 Quidve,
374 2094 451 2156 pater
462 2088 592 2204 Neptune,
605 2105 682 2204 parce
694 2087 720 2139 l''
756 2089 799 2140 Sic
812 2089 908 2142 deinde
920 2091 1024 2141 locutus

250 2157 380 2223 Colligere
393 2170 466 2206 erma
474 2154 506 2220 ju
525 2159 559 2220 et,
572 2171 605 2205 va
618 2154 719 2223 'disque
731 2154 882 2207 incumbere
894 2159 980 2224 remis,

252 2226 433 2292 Obliquatque
446 2223 518 2273 sinus
531 2223 559 2273 in
572 2229 691 2288 ventum,
703 2241 734 2274 ac
746 2223 812 2274 talia
823 2226 914 2278 fatur:

254 2293 270 2320 “
280 2290 451 2357 Magnanime
463 2289 554 2356 AEnea,
566 2307 627 2350 non,
640 2291 662 2341 si
674 2291 741 2342 mihi
754 2293 863 2360 Jupiter
875 2300 967 2345 auctor

251 2361 271 2416 S
305 2362 395 2428 odeat,
408 2360 458 2412 hoc
470 2377 571 2428 sperem
584 2360 692 2412 ltaliam
704 2361 857 2426 contingere
870 2359 941 2411 coelo.

251 2379 355 2484 liriati
366 2429 646 2482 transversafremunt
659 2435 686 2480 et
698 2445 804 2496 vespere
817 2428 850 2480 ab
863 2435 921 2480 atro

253 2500 423 2567 Consurgunt
435 2499 516 2565 venti,
529 2504 610 2567 atque
622 2498 651 2548 in
662 2497 761 2549 nubem
773 2498 877 2564 cogitur
889 2499 942 2551 a'e‘r.
1067 2501 1102 2551 20

253 2569 309 2622 Nec
322 2585 370 2620 nos
382 2567 467 2620 obniti
480 2573 578 2634 contra,
590 2584 639 2618 nec
651 2567 759 2618 tendere
771 2571 879 2618 tantum

254 2638 413 2692 Sufficimue.
449 2636 562 2704 Superat
574 2636 699 2703 quoniam
710 2636 826 2701 fortuna,
839 2653 865 2687 ee
883 2654 987 2704 namur,

255 2708 366 2775 Quoque
378 2711 463 2771 vocat,
475 2711 608 2758 vertamus
620 2705 680 2760 iter.
716 2703 774 2759 Nec
783 2653 962 2776 limmionge

252 2777 319 2828 Fide
328 2791 390 2826 reor
398 2775 516 2828 tinterna
528 2775 626 2848 Erycis
639 2783 796 2854 portusque
805 2779 935 2849 Sicanos,
