2700 3242
527 285 695 338 AENEIDOS
713 286 778 338 LIB.
797 285 834 338 11.
1059 291 1106 344 lli

292 385 309 414 “
317 383 447 455 [Jamque
459 385 523 437 adeo
536 402 612 454 super
628 402 697 437 unus
709 402 797 448 eram3
816 403 901 452 quum
913 385 1005 440 limina
1019 387 1105 439 Vesus

258 451 413 505 Servantem
425 461 453 505 et
465 454 574 505 tacitam
587 464 685 506 secreta
697 455 724 505 in
738 455 797 506 sede
810 455 938 507 latentem

257 521 410 589 Tyndarida
421 523 519 602 aspicio
531 543 538 587 ;
556 523 622 574 dent
634 523 705 575 clara
717 523 841 576 incendia
852 523 938 576 lucem

258 590 374 656 Erranti,
387 609 536 660 passimque
548 592 635 644 oculos
647 610 694 660 per
707 601 802 644 cuncta
814 594 917 647 ferenti
1051 598 1103 648 570

258 661 309 712 Ille
320 660 372 712 sibi
384 661 494 713 infestos
506 679 594 714 eversa
606 660 639 714 ob
651 661 779 728 Pergama
792 662 912 730 Teucros,

256 729 291 782 Et
305 748 396 798 peenas
408 731 532 783 Danaum
543 738 570 783 et
582 731 679 782 deserti
690 731 809 798 conjugis
821 732 873 784 iras

258 798 445 865 Premetuens,
457 800 539 868 Trojae
552 808 579 852 et
592 800 685 868 patriae
698 801 843 852 communis
856 801 959 870 Erinys,

257 869 405 921 Abdiderat
417 886 479 936 sese,
491 878 572 938 atque
584 871 636 922 aris
648 870 734 922 invisa
746 871 860 924 sedebat.

257 937 387 990 Exarsere
398 939 472 1006 ignes
484 940 589 1002 anim03
607 939 679 991 subit
691 940 731 992 ira
743 941 881 993 cadentem

257 1007 355 1060 Ulcisci
368 1008 490 1076 petriam,
503 1016 530 1060 et
543 1009 680 1060 sceleratas
693 1027 793 1060 sumere
807 1027 913 1078 prunas:

257 1076 365 1130 Scilicet
376 1077 434 1130 hoee
446 1077 568 1146 Spartam
579 1077 718 1130 incolumis
731 1079 880 1146 patriasque
892 1080 1018 1149 Mycenas

255 1145 383 1215 Aspiciet‚
396 1154 522 1215 partoque
535 1147 584 1199 ibit
595 1149 688 1215 regina
700 1148 854 1216 triumphet

256 1215 417 1284 eonjugium
435 1233 476 1282 ue,
488 1215 654 1284 domumque,
667 1224 762 1285 patres,
775 1224 901 1286 natosque
914 1218 1021 1286 videbit,

256 1283 374 1338 iliadum
386 1292 431 1337 tur
475 1293 502 1337 et
516 1285 639 1354 Phrygiis
651 1287 777 1339 comitata
788 1287 915 1339 ministris
926 1286 936 1339 l
1050 1292 1102 1341 580

255 1353 390 1407 Occiderit
401 1355 469 1407 ferro
482 1353 621 1407 Priamus?
657 1356 736 1424 Troja
748 1356 840 1408 arserit
852 1357 909 1424 igni
919 1357 929 1408 i

254 1423 422 1476 Dardanium
435 1424 512 1477 toties
524 1425 625 1477 sudarit
638 1425 766 1492 sanguine
779 1425 861 1477 litusl

255 1492 280 1545 N
281 1511 316 1545 on
328 1492 375 1546 ita
411 1493 437 1545 N
437 1510 538 1561 amque,
551 1494 601 1546 etsi
612 1494 717 1545 nullum
728 1494 895 1546 memorabile
908 1512 1002 1548 nomen

256 1561 382 1615 Feminea
393 1562 423 1614 in
434 1580 512 1632 poeue
524 1569 563 1615 est
576 1580 624 1615 nec
636 1561 717 1616 habet
729 1563 838 1616 victoria
851 1564 964 1632 laudem,

255 1631 423 1685 Exstinxisse
434 1632 508 1684 nefas
520 1639 609 1684 tamen
621 1639 649 1685 et
661 1633 782 1685 sumsisse
794 1640 924 1686 merentes

256 1700 396 1754 laudabor
407 1719 515 1770 poenas;
533 1702 703 1770 animumque
716 1703 833 1771 explesse
842 1703 948 1770 juvabit

257 1769 367 1823 Ultn‘cis
378 1770 498 1838 flemmae,
510 1777 536 1823 et
549 1771 647 1824 cineres
660 1772 766 1823 satiasse
778 1790 902 1825 meorum.

255 1838 329 1893 Talia
337 1839 481 1908 jactabam,
494 1848 521 1893 et
532 1841 632 1893 furiata
643 1850 732 1893 mente
743 1841 845 1894 ferebar
856 1840 874 1910 ;]

255 1909 344 1973 Quum
356 1909 424 1962 mihi
436 1926 469 1976 se,
482 1927 534 1962 non
546 1916 609 1962 ente
621 1910 704 1962 oculis
717 1917 772 1962 tem
784 1911 861 1978 clera,
876 1911 1015 1963 videndam

255 1979 368 2045 Obtulit,
382 1986 410 2031 et
422 1996 489 2048 pura
500 1997 547 2047 per
558 1986 662 2032 noctem
674 1979 703 2031 in
715 1980 774 2031 luce
785 1981 889 2033 refulsit
1046 1982 1098 2034 eud

253 2048 332 2100 Alma
363 2065 446 2114 arens,
460 2049 576 2101 confessu
587 2048 672 2114 deam,
684 2050 819 2117 qualisque
832 2050 915 2102 videri

254 2066 383 2170 Ooelicoiis
396 2123 424 2170 et
435 2125 536 2186 quanta
547 2118 612 2171 solet
624 2136 632 2182 ;
650 2119 794 2186 dextraque
807 2120 964 2187 prehensum

254 2186 399 2253 continuit,
411 2204 535 2255 roseoque
546 2187 603 2240 haee
616 2188 723 2256 insuper
735 2189 837 2240 addidit
850 2206 908 2240 ore:

259 2254 351 2320 ‘Nata
363 2255 424 2323 quis
436 2254 576 2306 indomitas
589 2261 681 2306 tantus
694 2254 766 2307 dolor
778 2256 878 2308 excitat
891 2255 940 2306 iras
953 2254 962 2304 i

254 2323 323 2388 Quid
335 2321 423 2376 furisl
441 2328 489 2375 aut
502 2340 614 2390 quonam
626 2323 709 2374 nostri
721 2322 771 2375 tibi
783 2340 847 2374 cura
858 2322 962 2373 recessit
973 2321 983 2373 i

252 2393 312 2446 Non
323 2394 399 2463 prius
410 2409 439 2445 as
458 2392 527 2458 ieies,
539 2392 585 2444 ubi
597 2392 695 2444 fessum
707 2397 786 2443 aetate
797 2397 932 2459 parentem

253 2461 372 2532 liqueris
384 2410 538 2514 Aneirisenl
557 2466 662 2530 superet
674 2463 805 2528 conjuxne
818 2460 922 2525 Creusa,

252 2533 434 2600 Ascaniusque
446 2529 531 2599 pueri
548 2548 612 2599 quos
624 2547 713 2582 omnes
726 2530 842 2597 undique
855 2529 940 2581 Graiae

254 2602 359 2655 Circum
371 2607 461 2653 errant
473 2600 547 2666 acies,
560 2606 586 2651 et
607 2600 635 2651 ni
647 2617 706 2651 mea
718 2616 781 2650 curs
793 2598 904 2665 resistet,

253 2671 273 2725 J
274 2689 317 2724 am
329 2671 443 2723 flammae
456 2670 566 2722 tulerint
577 2668 701 2720 inimicus
714 2672 740 2718 et
752 2666 868 2717 hauserit
881 2667 956 2718 ensis.
1043 2672 1095 2723 600

253 2741 313 2794 Non
326 2740 377 2793 tibi
389 2739 545 2807 Tyndaridis
558 2739 637 2791 facies
649 2738 735 2790 invisa
747 2736 873 2807 Lacunis,

253 2810 411 2872 culpatusve
420 2807 495 2860 Paris
502 2826 513 2873 ;
531 2809 560 2861 di
563 2827 625 2863 rum
637 2809 825 2884 inelementia,
837 2810 945 2882 dmm,
