2700 3242
531 293 712 347 BUOOLIOA
748 292 820 346 EOIa
838 292 870 346 Χ.
1087 297 1119 346 ’23

295 414 376 466 Mea
396 412 493 464 Desine
505 411 590 479 plina,
602 428 674 479 puer,
688 416 723 478 et,
735 410 805 478 quod
817 427 888 463 nunc
901 410 991 476 instat,
1004 427 1124 478 agemus.

274 482 397 536 Carmina
409 488 467 534 tum
479 480 582 547 melius,
594 497 676 549 quum
689 481 791 532 venerit
803 480 866 547 ipsc,
879 497 1010 532 canemus.

513 629 648 682 ECLOGA
666 629 698 682 X
735 627 877 681 GALLVS.

305 751 470 804 Exrnnrsuu
483 752 563 819 hunc,
573 751 712 818 Arethusa,
724 752 791 803 mihi
803 751 915 804 concede
927 751 1048 805 laborem.

271 818 361 872 Pauca
372 837 430 872 meo
443 821 526 887 Gallo,
539 821 583 872 sed
596 839 653 890 quae
666 822 738 888 legat
750 822 807 888 ipsa
819 820 932 887 Lycoris,

271 889 394 941 Carmina
406 895 469 940 sunt
481 890 599 943 dicenda.
629 890 715 957 Neget
728 891 786 957 quis
799 890 915 942 carmina
928 889 1023 942 Gallol

270 956 313 1010 Sic
326 957 384 1025 tibi,
396 975 479 1026 quum
491 959 588 1010 fluctus
602 959 778 1010 subterlabere
790 958 904 1024 Sicanos,

269 1025 347 1078 Doris
358 1043 449 1079 amara
460 1044 536 1079 suam
547 1045 600 1078 non
612 1027 789 1079 intermisceat
802 1028 908 1080 undam.

270 1095 378 1163 Incipe3
396 1096 520 1148 sollicitos
534 1096 602 1148 Galli
615 1097 733 1148 dicamus
745 1114 852 1163 amores,

268 1163 341 1216 Dum
354 1170 445 1217 tenera
456 1165 597 1217 attondent
609 1166 682 1217 simae
694 1166 811 1232 virgulta
823 1165 937 1233 capella.

267 1232 293 1286 N
294 1251 329 1285 on
342 1234 461 1285 canimus
474 1233 576 1298 surdis;
593 1235 751 1303 respondent
763 1234 852 1286 omnia
864 1235 945 1287 silvae.

304 1303 370 1366 Quae
381 1320 495 1370 nemora,
507 1309 555 1355 aut
567 1304 613 1371 qui
625 1322 670 1356 vos
683 1304 766 1355 saltus
778 1303 900 1368 habuere,
912 1302 1009 1368 puellae

266 1370 376 1439 Naides,
388 1372 497 1438 indigno
510 1389 592 1440 quum
605 1372 696 1424 Gallus
708 1389 795 1424 amore
806 1371 910 1439 peribat
921 1375 931 1426 l
1083 1375 1113 1422 10

265 1439 337 1492 Nam
349 1458 434 1508 neque
446 1440 555 1493 Parnasi
567 1441 639 1493 vobis
648 1442 722 1509 juga,
734 1458 797 1492 nam
809 1457 895 1507 neque
907 1439 985 1492 Pindi

266 1508 331 1562 Ulla
341 1527 441 1562 moram
453 1510 544 1578 fecere,
556 1528 642 1578 neque
654 1511 738 1562 Aonie
750 1509 895 1578 Aganippe

265 1577 349 1630 Illum
361 1581 442 1631 etiam
454 1579 530 1646 lauri,
543 1581 623 1632 etiam
634 1581 728 1631 flevere
740 1581 846 1647 myricae
853 1598 861 1643 ;

264 1645 368 1700 Pinifer
379 1648 457 1700 illum
469 1649 549 1700 etiam
562 1650 616 1700 sola
628 1649 676 1701 sub
688 1666 753 1717 rupe
762 1651 895 1716 jacentem

264 1714 397 1769 Maenalus
410 1723 437 1769 et
448 1718 529 1785 gelidi
540 1719 670 1770 fleverunt
683 1735 746 1770 saxa
758 1718 862 1785 Lycaei3

264 1784 345 1838 Stant
357 1792 384 1839 et
395 1804 456 1838 oves
468 1787 574 1854 circum,
586 1788 669 1839 nostri
682 1805 729 1838 nec
742 1788 852 1855 poenitet
863 1787 937 1850 illas;

263 1853 290 1906 N
291 1872 321 1906 ec
334 1861 361 1907 te
373 1857 501 1924 poeniteat
513 1857 620 1924 pecoris,
633 1857 721 1908 divine
734 1857 828 1924 poeta:

262 1922 300 1975 Et
312 1924 440 1976 formosus
452 1942 512 1976 oves
524 1925 558 1976 ad
570 1926 680 1976 flumina
692 1926 766 1993 pavit
778 1925 884 1978 Adonis.

264 1991 346 2044 Venit
359 1999 386 2045 et
397 1993 498 2062 upilio;
516 1995 585 2045 tardi
598 2012 691 2046 venere
704 1993 828 2057 bubulci;

266 2061 367 2113 Uvidus
379 2061 489 2114 hiberna
501 2064 573 2114 venit
587 2063 619 2114 de
631 2063 728 2129 glande
740 2062 881 2116 Menalcas.
1074 2067 1107 2115 20

263 2131 369 2197 Omnes,
381 2131 478 2183 “Unde
490 2149 562 2184 amor
574 2133 647 2196 iste,’'
659 2138 762 2198 rogant,
775 2131 848 2182 “tibi
859 2132 885 2183 l'’
905 2132 984 2183 Venit
998 2134 1104 2200 Apollo;

264 2201 280 2227 “
288 2200 371 2264 Galle,
384 2199 449 2266 quid
461 2200 559 2252 insanis
570 2201 596 2253 l”
614 2201 720 2267 inquit;
738 2202 753 2228 “
762 2206 810 2252 tua
822 2217 884 2252 cura
896 2200 1000 2267 Lycoris

265 2266 368 2334 Perque
380 2268 453 2320 nives
465 2269 547 2320 aliurn
559 2287 604 2337 per
623 2287 656 2319 ue
669 2269 775 2320 horrida
787 2274 872 2321 castra
883 2275 973 2320 secuta
985 2269 1048 2322 est.'’

263 2335 346 2388 Venit
358 2341 385 2387 et
397 2337 494 2402 agresti
506 2287 736 2405 capitisdilvanus
747 2337 853 2403 honore,

261 2404 400 2457 Florentes
411 2405 508 2459 ferulas
521 2412 548 2456 et
560 2405 671 2473 grandia
683 2405 741 2456 lilia
754 2423 886 2472 quassans.

260 2473 327 2541 Pan,
340 2474 405 2525 deus
418 2472 543 2542 Arcadia,
556 2475 636 2539 venit,
650 2491 728 2541 quom
740 2475 853 2526 vidimus
865 2473 916 2542 ipsi

260 2542 418 2610 Sanguineis
431 2543 501 2594 ebuli
514 2543 600 2594 baccis
612 2543 745 2611 minioque
756 2544 899 2598 rubentem

259 2613 380 2680 “Ecquis
393 2613 441 2664 erit
453 2613 545 2664 modus
556 2611 582 2663 l’'
601 2612 697 2679 inquit.
735 2610 836 2663 “Amor
847 2629 899 2663 non
912 2610 977 2664 talia
988 2618 1069 2663 curat.

260 2683 316 2734 Nec
328 2681 442 2732 lacrimis
455 2681 567 2733 crudelis
579 2682 666 2746 Amor,
679 2698 728 2731 nec
741 2683 860 2748 gramina
872 2681 942 2748 rivis,

259 2751 285 2804 N
287 2767 316 2801 ec
328 2751 410 2812 cytiso
419 2755 574 2800 saturantur
583 2767 652 2819 apes,
666 2769 719 2806 nec
732 2752 827 2810 fronde
839 2753 972 2827 capella?
1078 2754 1119 2806 ab

249 2814 455 2866 arassetffle:
475 2818 597 2874 “lamen
613 2827 777 2904 cantabitis,
790 2829 936 2904 Arcades?
950 2826 1061 2898 mil&
