2700 3242
422 445 456 501 P.
471 445 680 503 VIRGILII
704 447 917 506 MARONIS
981 457 983 461 '
1081 446 1093 467 ⁶

378 653 959 744 AENEIDO’S

495 885 623 938 LIBER
646 886 840 940 DECIMUS.

591 1072 738 1088 mm

244 1193 397 1246 Pareamus
409 1194 510 1247 interea
522 1195 615 1248 domus
627 1197 815 1264 omnipotentis
829 1197 942 1266 Olympi,

245 1263 445 1332 conciliumque
457 1271 533 1316 vocat
546 1266 637 1318 divum
650 1273 726 1334 pater
737 1273 818 1334 atque
829 1267 966 1318 hominum
978 1283 1026 1319 rex

244 1331 379 1384 Sideream
391 1334 419 1384 in
431 1335 534 1386 sedem:
553 1343 636 1387 terras
648 1336 720 1387 unde
733 1336 830 1387 arduus
843 1353 939 1403 omnes,

244 1401 389 1470 Castraque
401 1403 583 1455 Dardanidum
596 1411 723 1472 aspectat,
736 1405 899 1473 populosque
910 1405 1025 1458 latinos.

245 1471 392 1524 Considunt
404 1473 481 1524 tectis
494 1472 681 1540 bipatentibus.
718 1474 817 1539 Incipit
829 1475 901 1539 ipse:

280 1541 295 1567 “
305 1539 432 1592 Ooelicolae
444 1543 542 1608 magni,
555 1543 679 1609 quianam
692 1542 823 1593 sententia
835 1540 907 1592 vobis

245 1606 328 1659 Versa
338 1614 417 1673 retro,
429 1615 587 1675 tantumque
599 1609 695 1660 animis
707 1608 813 1660 certatis
825 1608 923 1676 iniquis
933 1607 943 1660 l

244 1676 397 1729 Abnueram
409 1677 477 1729 bello
490 1676 597 1729 Italiam
609 1694 762 1729 ccncrurere
774 1677 887 1730 Teucris.

245 1745 311 1809 Quae
323 1752 415 1798 contra
427 1747 541 1798 vetitum
554 1746 703 1799 discordial
722 1747 780 1814 quis
792 1754 879 1799 metus
891 1750 939 1798 aut
951 1745 1005 1812 hos,

243 1816 301 1866 Aut
313 1814 361 1866 hos
373 1832 446 1867 arma
458 1817 538 1883 sequi,
550 1816 702 1883 ferrumque
713 1815 838 1868 lacessere
850 1815 952 1868 suasitl
1057 1816 1089 1866 10

244 1884 378 1936 Adveniet
385 1885 489 1952 justum
501 1902 605 1952 pugnae,
617 1902 651 1936 ne
663 1886 793 1951 arcessite,
805 1895 917 1953 tempus,

245 1953 335 2017 Quum
347 1954 403 2005 fera
415 1953 546 2021 Carthago
560 1954 684 2006 Romanis
695 1953 798 2006 arcibus
810 1955 873 2006 olim

244 2023 367 2075 Exitium
378 2039 505 2090 magnum
518 2033 598 2091 atque
610 2023 691 2091 Alpes
703 2023 830 2075 immittet
842 2029 962 2091 apertas:

244 2093 314 2144 llum
326 2099 426 2144 certare
438 2092 512 2158 odiis,
525 2099 584 2144 tum
595 2110 636 2144 res
648 2093 768 2160 rapuisse
780 2092 876 2144 licebit.

243 2161 270 2215 N
271 2178 324 2213 une
336 2160 414 2213 sinite
425 2180 432 2224 ;
450 2169 477 2214 et
489 2162 617 2230 placitum
630 2161 686 2213 laeti
698 2162 846 2229 componite
858 2157 967 2212 foedus.'’

280 2231 389 2298 Jupiter
401 2231 456 2283 haec
468 2232 560 2300 paucis
570 2249 578 2295 ;
595 2239 624 2283 at
636 2247 690 2283 non
702 2231 792 2282 Venus
803 2233 883 2282 aurea
894 2236 986 2282 contra

245 2299 336 2352 Pauca
347 2300 444 2352 refert:

244 2368 290 2422 “0
303 2368 390 2431 Pater,
402 2385 417 2420 ο
429 2367 566 2419 hominnm
578 2365 722 2433 divumque
731 2363 748 2398 ἦ
761 2370 858 2417 oeterna
870 2372 1025 2433 potestas,—

244 2438 270 2490 N
271 2453 366 2505 amque
375 2436 448 2488 aliud
457 2435 522 2503 quid
532 2434 574 2500 sit,
583 2435 651 2502 quod
658 2437 715 2502 jam
725 2435 864 2502 implorare
874 2451 999 2501 queamus
1009 2436 1055 2486 'l-

246 2506 337 2560 Oernis
349 2512 381 2557 ut
392 2505 522 2557 insultent
536 2503 629 2556 Rutuli
639 2522 646 2566 ;
665 2503 821 2570 'fumusque
833 2503 934 2554 feratur
1055 2505 1090 2556 20

244 2575 297 2628 Per
308 2575 407 2626 medios
419 2573 531 2641 insignis
544 2573 624 2640 equis,
637 2573 807 2639 tumidusque
819 2572 933 2624 secundo

244 2645 333 2697 Marte
344 2643 425 2696 ruatl
461 2643 485 2694 N
488 2659 522 2694 on
534 2641 623 2693 clausa
636 2647 732 2708 tegunt
740 2644 798 2708 jam
809 2641 907 2692 moenia
918 2641 1037 2693 Teucros.

245 2714 317 2779 Quin
329 2713 401 2765 intra
409 2719 500 2780 portas
511 2717 591 2779 atque
603 2710 668 2780 ipsis
680 2709 776 2782 proelia
785 2709 905 2764 miscent

236 2781 388 2845 Aggen'bns
394 2797 538 2834 maeromm
544 2799 556 2846 ,·
574 2788 605 2837 et
615 2782 762 2840 inundant
773 2780 1022 2854 sanginneteeea.
1120 2812 1129 2855 3
1142 2848 1149 2855 ι

592 2869 603 2893 ⁰
615 2875 739 2916 rerumque
