2700 3242
521 270 686 345 anemos
704 271 771 326 nna
789 272 837 327 nr.
1050 280 1099 329 aar

255 376 315 442 Quo
327 375 430 444 sonipes
442 375 499 428 ictu
510 375 577 428 furit
588 374 694 441 arduus,
707 374 814 444 altaque
823 377 910 443 jactat

254 445 380 499 Vulneris
391 445 533 513 impatiens
545 449 645 497 arrecto
657 450 761 512 pectore
774 462 857 497 crura.

254 514 379 568 Volvitur
390 513 437 566 ille
448 531 573 566 excussus
586 513 669 565 humi.
705 514 816 566 Catillus
829 514 921 582 Iollan,
1048 520 1100 569 640

252 584 449 652 lugentemque
461 583 563 650 animis,
576 583 712 650 ingentem
724 601 829 651 corpere
841 590 868 635 et
881 585 960 637 armis

238 652 352 720 ‘Dejicit
364 652 533 705 Herminium
543 670 550 716 ;
568 652 639 703 nudo
652 651 695 703 cui
708 654 804 704 vertice
816 653 892 706 fulva

253 721 384 789 Caesaries,
396 721 514 788 nudique
526 721 630 772 humeri
641 739 647 784 ;
665 738 714 772 nec
727 722 837 774 vulnera
850 729 949 775 terrent
961 742 967 786 ;

251 789 353 844 Tantus
365 792 394 843 in
406 808 480 843 arma
491 795 573 859 patet.
609 790 688 842 Latos
701 791 764 842 huie
775 791 853 843 hasta
865 810 911 860 per
923 810 1008 845 armos

250 860 321 912 Aeta
334 861 431 927 tremit,
444 859 616 928 duplicatque
628 859 716 911 virum
728 860 856 913 transfixa
868 862 962 915 dolore.

250 928 386 982 Funditur
397 935 455 982 ater
468 929 565 997 ubique
577 945 668 980 cruor:
688 928 753 981 dant
765 930 859 982 funera
871 932 939 984 ferro

251 997 388 1051 Certantes
400 998 590 1067 pulchramque
602 1003 699 1065 petunt
711 1015 758 1066 per
770 999 880 1052 vulnera
891 1015 1009 1054 mortem.

287 1068 324 1120 At
335 1067 435 1120 medias
446 1067 517 1119 inter
529 1067 611 1119 caedes
624 1067 742 1119 exsultat
754 1068 879 1135 Amazon,

250 1135 341 1190 Unum
353 1143 456 1189 exserta
468 1137 539 1189 latus
551 1152 653 1205 pugna,
666 1136 820 1204 pharetrata
832 1138 958 1192 Camilla:

248 1205 286 1258 Ilt
299 1223 369 1258 nunc
381 1207 454 1258 lenta
465 1223 548 1258 manu
560 1222 685 1274 spargens
697 1205 805 1257 hastilia
818 1207 917 1273 denset,
1042 1213 1094 1262 660

248 1274 277 1327 N
277 1292 329 1327 unc
340 1275 457 1328 validam
469 1275 563 1327 dextra
574 1276 644 1342 rapit
656 1274 787 1326 indefessa
799 1275 945 1344 bipennem.

248 1343 352 1396 Aureus
363 1361 397 1396 ex
409 1343 517 1397 humero
530 1351 605 1397 sonat
617 1361 693 1396 arcus
705 1350 732 1395 et
744 1361 817 1396 arma
829 1344 928 1397 Dianae.

248 1413 304 1466 Illa
316 1414 403 1480 etiam,
417 1413 439 1466 si
451 1413 555 1481 quando
567 1413 596 1465 in
608 1419 713 1480 tergum
725 1413 801 1481 pulsa
813 1415 925 1480 recessit,

247 1481 358 1553 Spicula
368 1488 491 1536 converso
503 1482 634 1551 fugientia
646 1482 738 1549 dirigit
750 1499 820 1535 arcu.

247 1552 286 1605 Aa
298 1553 397 1606 circum
409 1551 484 1604 lectae
497 1553 611 1619 comites,
624 1552 773 1619 Larinaque
785 1552 867 1620 virgo,

247 1621 385 1690 Tullaque,
397 1627 424 1674 et
437 1627 544 1674 aeratam
556 1621 678 1690 quatiens
690 1621 801 1689 Tarpeia
812 1639 935 1688 securem,

248 1690 358 1744 Italides
369 1710 376 1756 3
395 1707 461 1759 quas
472 1691 530 1759 ipsa
542 1691 620 1743 decus
634 1691 683 1742 sibi
695 1691 740 1742 dia
752 1692 863 1745 Camilla

245 1759 361 1828 Delegit,
373 1760 497 1880 pqeisque
509 1760 589 1812 bonas
601 1759 716 1827 bellique
727 1761 868 1815 ministras.

247 1828 344 1892 Quales
356 1829 377 1881 Τ
411 1829 483 1881 eiciae
513 1846 578 1881 uum
590 1829 702 1881 flumina
713 1829 912 1884 Thermodontis

245 1896 366 1965 Pulsant‚
379 1904 406 1950 et
436 1897 496 1950 iotis
526 1898 641 1951 ellantur
656 1901 797 1950 Amazones
809 1902 904 1953 armis:
1039 1905 1089 1954 660

245 1967 298 2020 Seu
310 1967 411 2019 circum
452 1966 595 2036 ippolyten,
608 1985 654 2020 seu
667 1985 750 2035 quum
762 1985 789 2020 se
801 1968 900 2021 Martia
913 1986 991 2021 curru

245 2035 414 2089 Penthesilea
426 2037 514 2104 refert,
526 2053 672 2105 magnoque
685 2037 806 2089 ululante
818 2038 939 2089 tumultu

243 2105 371 2158 Feminea
383 2105 519 2158 exsultant
530 2105 630 2158 lunatis
642 2106 750 2173 agmina
761 2106 846 2175 peltis.

244 2175 330 2240 Quem
341 2175 395 2228 telo
406 2175 529 2243 primum,
542 2193 620 2244 quem
632 2183 800 2243 postremum,
812 2193 905 2244 aspera
916 2176 990 2243 virgo

242 2243 363 2313 Dejicisl
380 2250 428 2296 aut
440 2250 505 2312 quot
516 2245 592 2296 humi
603 2245 743 2297 morientia
755 2262 862 2313 corpora
874 2245 984 2298 fundisl

242 2312 374 2366 Eunaeum
387 2313 472 2381 Clytio
484 2314 600 2382 primum
612 2320 703 2382 patre:
722 2315 798 2382 cujus
810 2321 932 2383 apertum

241 2382 355 2436 Adversi
366 2382 446 2449 longa
457 2383 651 2436 transverberat
663 2383 749 2436 abiete
761 2390 861 2451 pectus.

241 2451 384 2520 Sanguinis
396 2451 441 2504 ille
453 2468 559 2505 vomens
571 2453 640 2504 rivos
652 2453 731 2522 cadit,
744 2459 823 2520 atque
836 2458 972 2505 cruentam

240 2520 349 2582 Mandit
360 2521 480 2588 humum,
491 2522 656 2589 moriensque
668 2539 715 2575 suo
727 2540 755 2575 se
766 2522 795 2573 in
808 2522 915 2575 vulnere
928 2529 1021 2575 versat.

240 2589 309 2642 Tum
319 2590 408 2658 Lirim,
415 2589 599 2660 Pagasumque
608 2609 698 2660 super:
712 2609 821 2660 quonnn
832 2591 899 2644 alter
906 2591 1021 2645 habenas
1035 2594 1083 2648 670

241 2658 356 2712 Suffosso
367 2658 502 2713 revolutus
513 2677 580 2728 equo
593 2661 657 2712 dum
669 2661 778 2728 colligit,
790 2661 858 2713 alter

242 2727 314 2782 Dum
326 2727 406 2796 subit,
419 2745 450 2782 ae
462 2729 584 2783 dextram
595 2729 700 2784 labenti
711 2730 804 2785 tendit
812 2731 963 2795 inermem,

238 2797 389 2864 Praecipites
395 2798 552 2872 pariterque
564 2809 663 2859 ruunt.
699 2803 758 2859 His
768 2802 854 2860 addit
870 2801 1042 2854 nme-emim

665 2900 682 2940 a
