2700 3242
271 289 305 351 78
504 285 532 338 Ρ.
551 284 706 338 VIRGILII
724 284 886 338 MARONIS

272 387 311 438 Ac
324 387 407 438 veluti
419 387 498 439 lentis
510 386 635 455 Cyclopes
646 387 761 439 fulmina
772 388 864 439 massis

272 456 361 519 Quum
373 461 520 524 properant,
533 457 580 507 alii
592 457 705 508 taurinis
717 456 824 507 follibus
837 473 915 507 auras

271 523 414 593 Accipiunt
426 525 600 594 redduntque,
614 526 661 577 alii
673 525 813 577 stridentia
825 524 936 591 tingunt

271 592 337 645 AEra
348 593 409 645 lacu
419 612 427 657 ;
444 595 527 661 gemit
539 595 668 663 impositis
681 593 822 645 incudibus
834 593 935 653 AEtua;

272 662 318 714 Illi
328 662 398 714 inter
410 681 464 715 sese
476 669 573 730 magna
585 664 613 716 vi
624 663 733 715 brachia
744 663 844 715 tollunt

271 730 305 782 In
317 749 464 798 numerum,
476 736 633 800 versantque
645 733 733 784 tenaci
745 731 843 799 forcipe
854 731 969 782 ferrum:

270 799 332 853 Non
343 801 428 866 aliter,
441 801 463 853 si
475 819 558 870 parva
569 802 632 853 licet
644 818 799 870 componere
810 800 920 866 magnis,

272 869 407 938 Cecropias
419 871 527 922 innatus
540 888 601 939 apes
613 888 686 922 amor
698 875 776 937 urget
788 868 911 934 habendi,

271 936 382 991 Munere
394 956 525 1007 quamque
538 957 591 992 suo.
623 940 775 992 Grandaevis
789 938 886 1006 oppida
898 954 975 1002 curie,

270 1005 307 1059 Et
318 1008 421 1060 munire
433 1008 514 1076 favos,
527 1015 553 1060 et
565 1009 666 1060 daedala
679 1008 777 1075 fingere
789 1013 874 1059 tecta:

270 1076 308 1128 At
319 1077 393 1129 fessa
404 1076 490 1129 multa
502 1077 619 1129 referunt
632 1095 658 1129 se
671 1084 747 1128 nocte
759 1076 879 1142 minores,

271 1144 354 1197 (lrura
366 1146 457 1213 thymo
469 1146 554 1215 plenae
565 1164 572 1210 ;
591 1151 736 1214 pascuntur
748 1151 775 1198 et
787 1144 883 1197 arbuta
893 1143 998 1212 passim,

270 1212 306 1266 111
318 1214 425 1282 glaucas
438 1216 528 1267 salices
541 1215 697 1283 casiamque,
710 1231 866 1281 crocumque
878 1213 1018 1265 rubentem

269 1281 307 1335 Et
318 1283 445 1352 pinguem
457 1285 543 1336 tiliam
555 1289 583 1336 et
594 1285 757 1351 ferrugineos
769 1282 933 1350 hyacinthos,

271 1351 398 1404 Omnibus
411 1371 465 1406 una
476 1354 549 1422 quies
562 1371 675 1422 operum,
689 1353 762 1405 labor
774 1351 893 1405 omnibus
905 1367 982 1402 unus.

269 1418 350 1473 Mane
361 1427 444 1474 ruunt
456 1423 555 1491 portis;
574 1440 706 1490 nusquam
717 1439 805 1474 mora:
822 1437 912 1472 rursus
924 1420 1028 1472 easdem

270 1489 369 1558 Vesper
381 1491 428 1543 ubi
440 1509 454 1544 e
466 1498 545 1561 pastu
558 1492 665 1543 tandem
679 1491 802 1542 decedere
814 1489 912 1557 campis

268 1558 423 1626 Admonuit,
436 1566 495 1612 tum
507 1565 578 1612 tecta
590 1565 693 1629 petunt,
706 1567 765 1611 tum
778 1576 884 1627 corpora
896 1561 1007 1611 curant:

269 1627 315 1680 Fit
327 1629 434 1694 sonitus,
446 1635 616 1697 mussantque
629 1646 686 1681 oras
699 1635 726 1681 11
737 1629 830 1680 limina
842 1628 949 1679 circum.

269 1696 340 1764 Post,
353 1697 399 1748 ubi
407 1699 464 1765 jam
477 1699 600 1750 thalamis
614 1717 640 1750 11
654 1715 827 1766 composuere,
840 1697 933 1749 siletur

269 1765 303 1817 In
315 1771 426 1834 noctem,
438 1767 570 1836 fessosque
584 1785 658 1836 sopor
671 1785 732 1819 suus
745 1771 857 1834 occupat
868 1771 948 1818 artus.

269 1834 325 1887 Nec
337 1853 398 1888 vero
411 1854 427 1888 a
439 1837 549 1889 stabulis
562 1837 653 1905 pluvia
664 1836 833 1904 impendente
845 1834 972 1887 recedunt

269 1903 391 1972 Longius,
404 1912 451 1958 aut
464 1906 574 1958 credunt
586 1906 650 1958 coelo
663 1904 867 1958 adventantibus
877 1902 971 1969 Euris;

268 1973 320 2026 Sed
334 1974 433 2026 circum
444 1980 510 2027 tutte
523 1975 571 2027 sub
582 1975 712 2026 moenibus
724 1974 796 2026 urbis
808 1979 949 2040 aquantur,

268 2041 455 2112 Excursusque
467 2044 556 2096 breves
569 2049 682 2111 tentant,
695 2049 723 2095 11
735 2060 802 2111 saepe
814 2041 925 2110 lapillos,

268 2112 306 2165 Ut
326 2114 426 2182 cymbae
438 2113 572 2166 instabiles
584 2113 667 2164 fluctu
676 2115 796 2180 jactante
809 2111 949 2176 saburram,

268 2181 394 2236 Tollunt:
414 2183 455 2234 his
468 2200 522 2235 sese
534 2200 581 2251 per
592 2182 683 2234 inania
695 2182 786 2233 nubila
797 2180 903 2231 librant.

269 2250 353 2304 Illum
366 2253 430 2305 adeo
443 2252 573 2321 placuisse
585 2251 679 2320 apibus
691 2250 818 2302 mirabere
829 2266 935 2313 morem,

269 2321 345 2384 Quod
356 2339 405 2374 nec
418 2321 559 2374 concubitu
571 2321 719 2388 indulgent,
731 2336 779 2372 nec
792 2335 899 2387 corpora
910 2335 1000 2383 segnes

269 2389 303 2442 In
315 2390 443 2444 Venerem
456 2391 569 2457 solvunt,
582 2395 630 2442 aut
641 2391 712 2442 fetus
724 2387 831 2440 nixibus
843 2387 927 2439 edunt
937 2405 944 2448 ;

269 2459 369 2512 Verum
381 2461 444 2529 ipsae
456 2477 471 2512 1
482 2460 552 2512 foliis
564 2466 640 2513 natos
653 2464 680 2512 et
692 2456 815 2510 suavibus
828 2455 914 2508 herbis

269 2527 320 2580 Ore
332 2529 426 2597 legunt
437 2549 443 2593 ;
461 2530 524 2598 ipsae
535 2546 624 2596 regem
636 2544 780 2597 parvosque
793 2525 907 2590 Quirites

269 2596 416 2665 Sufficiunt,
429 2599 556 2667 aulasque
568 2604 595 2651 et
608 2615 682 2649 cerea
693 2614 775 2664 regna
786 2595 927 2662 refingunt.

268 2666 342 2734 Saepe
355 2667 435 2720 etiam
448 2668 519 2720 duris
531 2668 641 2720 errando
653 2667 683 2718 in
695 2666 796 2718 cotibus
807 2664 863 2716 alas

258 2736 401 2800 Attrr'vere
419 2736 540 2807 ultroque
551 2737 670 2791 animam
682 2735 730 2789 sub
742 2735 812 2789 fasce
824 2733 917 2785 dedere
928 2751 934 2794 ;

239 2796 351 2853 santus
359 2820 440 2859 amor
448 2806 548 2863 Horum
563 2816 593 2864 11
603 2806 757 2882 generandi
770 2805 856 2878 gloria
864 2801 958 2856 11111111
