2700 3242
287 309 337 358 262
519 302 548 356 P.
566 301 723 356 VIRGILII
742 300 905 354 MARONIS

288 406 427 473 Consurgit
439 405 531 471 senior,
544 405 688 472 tunicaque
699 404 836 456 inducitur
846 409 927 469 crtus,

286 476 322 528 Et
335 476 470 543 Tyrrhena
482 475 580 543 pedum
592 474 738 525 circumdat
751 472 858 525 vincula
868 472 985 540 plantis:

287 545 355 597 'l'um
366 545 443 596 lateri
455 550 535 612 atque
547 543 662 594 humeris
675 543 813 610 Tegeaeum
825 542 941 608 subligat
954 558 1051 606 ensem,

286 614 405 666 Demisss
417 614 450 666 ab
462 614 528 665 laevs
540 613 675 682 pentherae
688 618 763 678 terge
774 618 934 678 retorquens
1080 611 1129 660 400

287 684 342 736 Nec
354 701 407 735 non
419 690 446 735 et
458 683 557 751 gemini
569 682 689 734 custodes
701 681 792 732 limine
804 679 838 731 ab
850 679 903 731 alto

286 753 443 805 Praecedunt
455 769 623 819 gressumque
635 767 712 802 cenes
725 750 884 801 comitantur
892 748 1015 801 herilem.

286 822 405 890 Hospitis
418 822 508 872 AEneae
520 821 607 873 sedem
620 826 646 872 et
660 827 759 872 secrete
770 819 877 886 petebat

285 892 439 944 Sermonum
450 907 549 942 memor
561 897 587 941 et
600 888 718 958 promissi
730 888 846 939 muneris
858 888 946 940 heros:

284 961 339 1013 Nec
350 961 438 1012 minus
450 960 545 1011 AEneas
558 977 584 1011 se
595 959 744 1011 matutinus
756 957 859 1025 egebat.

285 1030 368 1082 Filius
381 1030 443 1081 huic
456 1029 551 1095 Palles,
563 1030 603 1080 illi
616 1046 700 1080 comes
713 1026 769 1079 ibat
781 1027 901 1078 Achates.

285 1099 420 1166 Congressi
428 1101 548 1166 jungunt
561 1099 674 1164 dextras,
686 1096 831 1163 mediisque
842 1095 963 1146 residunt

283 1168 404 1234 AEdibus,
417 1175 443 1219 et
456 1166 529 1220 licito
541 1167 649 1220 tandem
661 1183 779 1219 sermone
790 1165 924 1217 fruuntur.

284 1237 340 1288 Rex
354 1237 424 1305 prior
436 1236 492 1288 haec
504 1254 510 1289 :

284 1303 422 1354 “Maxime
435 1302 592 1353 Teucrorum
606 1303 707 1361 ductor,
720 1315 771 1366 qno
784 1300 880 1368 sospite
891 1316 1031 1367 nunquam
1074 1300 1123 1351 470

283 1368 335 1420 Res
347 1367 469 1434 equidem
481 1367 563 1436 Trojae
575 1369 658 1421 victas
670 1373 718 1420 aut
729 1385 811 1435 regna
822 1367 931 1435 fatebor,

281 1432 362 1485 Nobis
375 1436 409 1487 sd
422 1436 484 1488 belli
496 1437 627 1489 auxilium
639 1455 686 1505 pro
698 1439 803 1489 nomine
815 1443 890 1489 tanto

280 1501 392 1570 Exiguae
405 1505 480 1558 vires.
515 1505 587 1558 Hinc
599 1508 682 1558 'lusco
695 1507 843 1559 claudimur
854 1507 934 1573 amni,

281 1571 352 1624 Hinc
365 1573 481 1626 Rutulus
493 1576 595 1643 premit,
609 1585 636 1628 et
647 1593 753 1627 murum
765 1577 940 1628 circumsonat
952 1577 1040 1630 armis

280 1641 331 1693 Sed
344 1642 393 1694 tibi
406 1660 452 1710 ego
465 1644 584 1712 ingentes
597 1646 706 1713 populos
718 1646 897 1713 opulentaque
908 1647 996 1712 reguis

280 1710 300 1762 J
301 1729 398 1778 ungere
411 1720 496 1765 castre.
508 1732 583 1781 paro:
596 1732 676 1782 quam
688 1714 740 1766 fors
753 1715 861 1782 inopina
873 1716 985 1767 salutem

280 1779 409 1833 Ostentat.
446 1782 519 1834 Fatis
532 1784 584 1834 huc
597 1791 623 1835 te
636 1784 802 1852 poscentibus
815 1784 898 1837 affers

279 1847 361 1900 Haud
373 1851 464 1917 procul
476 1852 538 1904 hinc
551 1870 613 1905 saxo
626 1854 751 1905 incolitur
762 1854 876 1905 fundata
888 1859 992 1906 vetusto

279 1916 356 1969 Urbis
369 1919 500 1986 Agylliuae
513 1922 601 1975 sedes:
620 1923 666 1974 ubi
679 1922 763 1990 Lydia
775 1923 907 1990 quondam

279 1987 355 2050 Gens,
367 1987 435 2040 bello
448 1991 580 2057 praeclara,
589 1993 663 2060 jugis
675 1992 773 2043 insedit
785 1992 910 2045 Etruscis.
1071 1996 1120 2044 480

278 2054 355 2109 Hanc
367 2058 464 2110 multos
476 2059 613 2112 florentem
625 2079 707 2112 annos
719 2079 765 2112 rex
778 2061 872 2113 deinde
885 2061 996 2130 superbo

278 2124 391 2194 Imperio
404 2134 430 2178 et
443 2129 517 2180 saevis
530 2131 617 2182 tenuit
630 2130 778 2182 Mezentius
790 2132 875 2183 armis.

278 2194 346 2257 Quid
359 2214 499 2249 memorem
511 2199 634 2250 infandas
646 2200 743 2252 coedes!
758 2200 822 2267 quid
834 2201 905 2252 fecte
917 2201 1027 2267 tyranni

275 2262 379 2320 Effera!
399 2265 434 2317 Di
447 2268 527 2334 capiti
540 2268 622 2336 ipsius
634 2269 775 2336 generique
788 2273 936 2322 reservent!

275 2331 382 2386 Mortuo.
394 2336 458 2401 quin
472 2337 551 2388 etiam
559 2337 691 2405 jungebat
703 2355 810 2406 corpora
821 2339 896 2405 viris,

276 2401 436 2471 Componcns
448 2406 620 2473 manibusque
632 2424 727 2458 munus
739 2415 819 2474 etque
832 2408 919 2460 oribus
932 2425 983 2475 om,

275 2469 408 2523 Tormenti
420 2477 520 2540 genus!
540 2481 567 2527 et
580 2477 651 2527 sanie
664 2476 777 2544 taboque
789 2477 900 2529 fluentes

274 2539 417 2608 Complexu
430 2544 458 2592 in
470 2544 562 2595 misero
574 2545 653 2612 longe
666 2545 702 2596 sic
714 2553 797 2598 morte
809 2546 926 2600 necabat.

273 2609 311 2660 At
322 2610 383 2661 fessi
396 2612 501 2663 tandem
514 2614 583 2665 cives
596 2614 705 2666 infanda
717 2616 849 2668 fruentem

269 2677 375 2730 Armati
389 2681 585 2733 circumsistunt
598 2683 737 2751 ipsumque
750 2685 908 2751 domumque
920 2705 927 2748 ;
1066 2690 1119 2740 490

261 2746 435 2806 obtruncant
449 2753 541 2824 socios,
554 2753 645 2826 ignem
656 2753 693 2808 ud
702 2755 811 2822 lastigie
817 2756 926 2821 iactant.

242 2813 300 2874 Ille
309 2820 390 2880 mter
402 2827 493 2886 caedes
507 2828 682 2888 Rutulorum
693 2824 843 2900 elapsus'm
850 2838 929 2889 susm
