2700 3242
255 292 306 339 ‘282
479 288 508 344 P.
527 290 684 346 VIRGILII
700 294 864 350 MARONIS

255 402 270 429 “
279 401 319 454 Tu
331 405 419 455 tamen
430 403 531 456 interea
543 403 628 456 calido
640 403 707 455 mihi
719 402 848 470 sanguine
860 418 951 470 poenrss

255 470 389 523 Persolves
402 473 561 539 amborum‚”
574 475 681 541 inquit:
700 473 780 524 simul
792 488 853 524 ense
864 471 966 524 recluso

258 536 318 588 Ibat
329 538 358 588 in
370 538 530 607 Euryalum¹
558 542 625 594 'lum
637 560 698 595 vcro
710 543 858 608 exterritus,
870 557 967 607 amens,

257 606 409 660 Conclamat
422 609 501 662 Nisus
513 630 519 673 ;
537 628 586 663 nec
598 629 625 663 se
637 612 721 663 celare
733 611 847 663 tenebris

257 674 385 743 Amplius,
398 684 446 730 aut
458 684 564 732 tantum
576 681 665 748 potuit
677 681 790 748 perferre
803 679 933 731 dolorem:

257 749 271 774 “
280 749 332 813 Me,
344 748 529 812 me‚-adsum,
543 749 588 814 qui
600 747 724 813 teci—in
736 764 779 799 me
791 747 937 803 convertite
949 746 1058 814 ferrum,

259 816 280 868 Ο
294 816 405 871 Rutuli!
424 833 483 867 mea
495 817 567 867 fraus
579 817 681 880 omnis;
700 816 768 868 nihil
781 818 831 869 iste
843 834 892 869 nec
904 833 992 882 ausus,

258 886 314 939 Nec
322 885 428 957 potuit:
447 885 542 937 coelum
554 885 604 937 hoc
616 891 643 937 et
655 887 760 938 conscia
774 887 860 938 sidera
871 884 980 938 testor.”

257 953 373 1005 [lantum
385 951 517 1003 infelicem
528 951 641 1002 nimium
653 951 749 1004 dilexit
760 951 882 1004 amicum
1049 952 1103 1004 430

258 1021 333 1074 Talia
344 1021 416 1073 dicta
428 1020 524 1072 dabat:
544 1020 589 1071 sed
601 1019 702 1072 viribus
713 1021 782 1071 ensis
794 1020 904 1072 adactus

258 1089 408 1143 Transabiit
419 1094 512 1151 costas,
524 1095 551 1141 et
563 1088 676 1141 candida
688 1095 794 1157 pectora
805 1089 913 1157 rumpit.

259 1159 381 1212 Volvitur
393 1157 524 1226 Euryalus
536 1158 597 1224 leto,
609 1157 785 1226 pulchrosque
797 1175 844 1226 per
855 1164 929 1210 artus

260 1229 287 1281 It
299 1246 381 1294 cruor,
393 1228 474 1296 inque
486 1228 607 1279 humeros
620 1227 709 1279 cervix
722 1227 836 1295 collapsa
847 1225 995 1281 recumbit:

260 1298 411 1365 Purpureus
423 1297 507 1349 veluti
519 1314 601 1365 quum
613 1297 667 1362 fios,
681 1297 796 1348 succisus
808 1302 903 1364 aratro,

260 1366 418 1434 Languescit
429 1366 558 1419 moriens:
577 1366 676 1418 lassove
688 1383 820 1433 papavera
832 1365 898 1418 collo

260 1436 392 1489 Demisere
405 1440 493 1503 eaput,
505 1435 597 1504 pluvia
609 1452 691 1503 quum
703 1435 771 1486 forte
783 1441 935 1502 munuum

260 1505 297 1559 At
310 1505 388 1556 Nisus
399 1505 455 1556 ruit
467 1505 495 1555 in
507 1505 612 1569 medios,
626 1503 763 1570 solumque
775 1521 821 1572 per
833 1521 922 1556 omncs

261 1573 427 1626 Volscentem
439 1573 507 1642 petit
518 1593 524 1636 ;
542 1574 571 1624 iu
584 1573 636 1625 solo
649 1572 788 1625 Volscente
800 1580 925 1626 moratur.

262 1643 345 1707 Quem
371 1644 470 1695 circum
499 1642 638 1710 glomerati
667 1642 761 1708 hostes,
785 1642 848 1695 hinc
878 1642 997 1695 corninus
1025 1646 1107 1709 atque

331 1712 393 1764 hinc
1055 1713 1108 1762 440

263 1781 430 1835 Proturbant.
466 1781 553 1833 instat
565 1798 618 1832 non
631 1784 722 1846 secius,
734 1798 765 1833 ac
776 1787 847 1833 rotat
859 1798 948 1833 ensem

263 1851 431 1904 Fulmineum
442 1870 449 1914 ;
467 1851 549 1902 donec
562 1850 657 1901 Rutuli
669 1851 808 1902 clamantis
820 1850 849 1901 in
861 1867 904 1901 ore

264 1920 386 1972 Condidit
399 1921 513 1982 adverso,
526 1925 553 1971 et
565 1919 678 1971 moriens
690 1920 806 1970 animam
818 1918 928 1971 abstulit
940 1918 1019 1973 hosti.

263 1989 331 2041 Tum
343 2007 421 2057 super
433 1990 581 2041 exanimem
594 2006 647 2040 sese
659 1990 770 2057 projecit
783 1988 896 2040 amicum

265 2059 409 2125 Confessus,
421 2058 577 2126 placidaque
589 2058 625 2108 ibi
638 2058 745 2110 demum
757 2065 840 2110 morte
853 2057 961 2125 quievit.

300 2129 438 2180 Fortunati
451 2128 527 2180 ambo
538 2129 544 2178 i
564 2127 586 2178 si
598 2128 663 2194 quid
675 2145 735 2179 mea
747 2129 863 2178 carmina
875 2132 993 2195 possunt,

265 2197 346 2249 Nulla
359 2198 413 2249 dies
425 2214 542 2264 unquam
554 2197 662 2247 memori
675 2215 719 2248 vos
732 2197 830 2248 eximet
843 2213 915 2259 aev03

265 2266 337 2319 Dum
350 2267 441 2318 domus
453 2267 545 2317 AEneae
559 2266 671 2332 Capitoli
686 2266 818 2317 immobile
831 2283 924 2317 saxum

266 2335 379 2400 Accolet,
393 2335 583 2404 imperiumque
595 2341 671 2401 pater
685 2335 817 2386 Romanus
830 2333 944 2387 habebit.

303 2405 420 2456 Victores
432 2405 521 2472 praeda
534 2403 628 2455 Rutuli
641 2404 781 2471 spoliisque
793 2404 879 2472 potiti,
1062 2407 1113 2456 450

267 2474 433 2526 Volscentem
445 2475 598 2525 exanimum
609 2473 702 2525 flentes
714 2474 742 2524 in
755 2482 840 2525 castra
852 2472 978 2525 ferebant.

267 2543 322 2594 Nec
334 2543 418 2594 minor
431 2543 458 2593 in
471 2544 562 2594 castris
574 2543 669 2608 luctus,
684 2543 831 2595 Rhamnete
843 2548 946 2609 reperto

268 2612 411 2678 Exsangui,
425 2620 451 2663 et
464 2613 555 2680 primis
567 2629 620 2663 una
633 2618 672 2663 tot
686 2612 756 2663 caede
769 2612 900 2679 peremtis,

263 2681 430 2751 Serranoque
442 2681 588 2751 Numaque.
626 2681 722 2748 Ingens
736 2698 876 2732 concursus
888 2680 921 2732 ad
934 2680 992 2748 ipsa

255 2753 379 2825 Corpora,
393 2754 596 2826 seminecesque
607 2751 687 2819 uiros,
696 2750 837 2820 tepiuaque
847 2757 979 2801 recentem

243 2825 327 2880 Caede
339 2827 444 2902 locum,
457 2836 488 2886 et
501 2829 601 2905 plenos
614 2821 757 2900 spumanti
766 2818 983 2888 sanguineum.
