2700 3242
363 307 528 362 AENEIDOS
549 307 618 360 LIB.
638 305 684 359 VI.
893 306 945 359 22³

223 427 240 462 n
251 410 391 480 imperium
402 427 537 478 magnum.
573 408 622 462 cui
634 406 729 460 deinde
741 404 847 474 subibit,

231 484 337 548 rumpet
349 480 449 560 patriae,
462 478 610 546 residesque
622 475 739 530 movebit

223 567 233 601 1
247 566 321 601 arma
333 565 409 616 vncs,
421 555 449 600 et
457 550 514 616 jam
527 549 635 600 desueta
647 545 789 613 triumphis

257 618 341 683 Quem
350 619 432 685 juxta
443 619 562 686 sequitur
570 616 715 685 jactantior
726 615 824 679 Ancus,

225 705 292 768 oquq
301 689 358 754 jam
370 687 483 738 nimium
495 687 613 754 gaudens
625 684 795 755 popularibus
808 684 886 738 auris.

224 757 351 826 arqumios
362 773 443 824 reges,
456 757 623 824 animamque
636 753 775 824 superbam

224 827 296 894 iruti,
309 826 445 893 fascesque
457 826 546 877 videre
557 823 695 892 receptosl

228 895 369 964 imperium
381 895 425 946 hic
437 896 538 962 primus
551 910 684 962 saevasque
697 909 798 944 secures
890 893 943 944 820

229 983 237 1029 ;
254 969 382 1032 natosque
394 971 477 1033 pater,
489 981 558 1016 nora
569 963 639 1015 bella
650 969 791 1029 moventes,

224 1051 257 1087 tm
270 1034 382 1102 pulchra
394 1051 441 1101 pro
452 1033 574 1085 libertate
586 1031 699 1098 vocabit,

236 1103 385 1171 Utcumque
397 1103 483 1154 ferent
496 1120 526 1154 ea
537 1103 610 1154 facta
621 1101 750 1153 minores:

224 1190 276 1225 mor
287 1173 379 1241 patriae
392 1172 553 1239 laudumque
566 1171 694 1223 immensa
705 1170 808 1238 cupide

224 1243 280 1308 cios,
293 1243 443 1310 Drusosque
455 1241 553 1308 procul,
566 1257 718 1308 saevumque
730 1239 815 1291 securi

224 1317 371 1380 arquatum,
384 1318 411 1362 et
423 1311 579 1362 referentem
591 1310 667 1378 signa
680 1309 826 1362 Camillum

224 1398 263 1448 sm,
276 1379 382 1449 paribus
395 1397 460 1448 quas
472 1380 574 1446 fulgere
586 1379 670 1431 cernis
682 1379 711 1429 in
723 1379 809 1444 armis,

224 1467 238 1502 s
250 1451 346 1503 anima
358 1467 438 1515 nunc,
451 1455 478 1501 et
490 1449 554 1500 dum
566 1455 643 1501 nocte
654 1454 815 1517 prementur,

224 1524 299 1572 ntum
311 1519 382 1571 inter
394 1536 420 1570 se
432 1517 538 1583 bellum,
551 1519 573 1570 si
584 1518 687 1570 lumina
699 1517 761 1570 vitae

224 1595 250 1656 a,
262 1594 375 1658 quantas
387 1588 455 1640 acies
468 1594 633 1655 stragemque
645 1586 769 1640 ciebunt!
887 1587 939 1640 8³0

224 1676 241 1711 is
254 1675 325 1710 socer
336 1658 440 1726 Alpinis
452 1662 532 1726 atque
545 1674 603 1709 arce
616 1657 730 1709 Monoeci

224 1745 277 1792 ms3
295 1744 375 1795 gener
387 1728 502 1779 adversis
514 1727 659 1778 instructus
672 1726 742 1778 Eois.

224 1797 236 1864 i,
249 1814 283 1848 ne
295 1803 372 1849 tanta
384 1797 478 1848 animis
490 1797 630 1848 assuescite
642 1795 729 1860 bella;

225 1867 258 1919 iae
269 1867 370 1919 validas
380 1866 411 1917 in
423 1866 522 1917 viscera
533 1866 629 1918 vertite
641 1866 716 1917 vires.

224 1937 273 2002 ior,
285 1942 316 1988 tu
328 1953 412 2005 parce,
425 1952 508 2002 genus
520 1935 566 2002 qui
579 1935 653 1986 ducis
666 1934 795 2003 Olymp03

224 2005 259 2058 ela
271 2022 360 2072 manu,
373 2004 479 2072 sanguis
491 2021 572 2056 meus.

224 2075 318 2144 rphata
330 2074 460 2142 Capitolia
471 2073 505 2126 ad
518 2074 574 2126 alta
586 2073 712 2126 Corintho

224 2151 255 2205 :et
267 2161 380 2210 currum,
393 2143 465 2195 caesis
477 2143 588 2210 insignis
600 2143 716 2195 Achivis.

224 2213 332 2281 »Argos
345 2213 616 2281 Agamemnoniasque
629 2213 762 2280 Mycenas,

224 2299 234 2336 a
246 2282 382 2348 AEacfflen,
394 2299 477 2350 genus
489 2283 672 2351 armipotentis
684 2280 784 2333 Achilli
795 2302 802 2344 ;
883 2282 936 2333 840

224 2369 243 2404 ts
255 2352 344 2420 Trojae‚
358 2351 458 2420 templa
470 2358 497 2404 et
508 2357 637 2403 temerata
649 2351 784 2402 Minervae.

225 2439 308 2490 nagne
321 2421 392 2488 Cato,
405 2421 524 2485 tacitum,
537 2428 585 2472 aut
597 2426 631 2486 te,
645 2421 727 2486 (losse,
740 2419 873 2488 relinquat
884 2418 894 2471 l

225 2492 277 2543 echi
289 2508 380 2559 genus,
393 2496 440 2542 aut
452 2491 576 2558 geminos,
589 2490 641 2541 duo
653 2490 768 2542 fulmina
779 2488 850 2555 belli,
914 2545 919 2558 Α

225 2602 231 2626 ,
243 2561 345 2612 cladem
357 2560 455 2627 Inbyae,
463 2577 595 2628 parvoque
607 2566 743 2628 potentem

225 2630 259 2683 nl
277 2630 319 2682 vel
332 2635 359 2682 te
372 2629 451 2694 sulec,
464 2629 581 2695 Sanane,
594 2627 744 2680 serenteml

225 2716 257 2752 lm
267 2699 369 2768 rapitis,
383 2698 459 2750 Fabii
470 2698 480 2751 l
498 2704 530 2750 tu
542 2699 678 2749 Maximus
690 2698 736 2749 ille
748 2712 783 2763 es,

232 2768 308 2821 nobis
319 2767 468 2821 cunctando
480 2767 600 2822 restituis
611 2786 679 2825 rem.

231 2837 281 2888 alii
289 2837 423 2905 spirantia
434 2841 547 2897 mollius
562 2860 628 2913 aera,
