2700 3242
567 306 775 360 ussaunein.
1041 305 1092 357 413

253 412 350 478 Multa,
362 429 446 480 neque
458 411 603 470 immeritis,
615 409 724 462 donavit
735 408 843 477 prumia
854 407 974 475 alumnis,

286 482 398 534 Preemia
410 481 528 533 Messalis
541 480 657 532 maxima
669 478 814 547 Poplicolis.
1056 480 1091 528 40

252 551 279 604 N
279 569 322 603 am
336 550 399 619 quid
412 568 459 618 ego
472 549 592 601 immensi
603 566 743 601 memorem
756 549 844 600 studia
855 547 907 600 ista
917 546 1030 600 laborisl

288 621 402 672 Horrida
415 620 478 688 quid
491 619 561 670 durae
573 626 692 686 tempora
703 617 824 670 militioel

253 690 345 743 (lustra
356 691 411 742 foro
424 689 519 755 solitos,
531 688 591 740 urbi
602 705 751 756 praeponere
762 693 855 756 castra,

288 760 352 812 Tem
364 759 455 828 procul
467 759 516 810 hoc
528 763 598 824 nato,
610 764 666 810 tam
678 757 769 827 procul
780 758 830 810 hac
841 757 945 827 patrini

254 828 431 882 Immoderata
444 827 501 948 pati
510 829 567 894 jam
578 827 683 894 frigora,
692 829 802 895 jamque
815 825 930 880 calores?

289 898 402 950 Stertsre
415 915 446 949 re
469 897 536 948 dura
548 914 621 966 posse
634 914 712 964 super
724 897 816 950 silicel

253 967 327 1034 Saepe
339 972 439 1019 trucem
452 966 559 1018 adverso
571 966 671 1034 perlabi
684 966 766 1018 sidere
778 966 913 1019 Pontuml

289 1037 364 1105 Saepe
375 1054 447 1088 mare
459 1036 579 1088 audendo
591 1037 702 1103 vincere,
715 1052 781 1104 saepe
793 1036 925 1089 hiemem?

254 1106 328 1174 Saepe
341 1106 421 1158 etiam
433 1105 525 1157 densos
537 1105 680 1157 immittere
692 1123 785 1174 corpus
797 1106 826 1158 in
838 1106 932 1174 hostes,

290 1176 458 1228 Communem
470 1174 532 1226 belli
544 1192 592 1226 nec
605 1175 724 1226 timuisse
736 1174 835 1228 deuml
1060 1180 1094 1228 50

253 1245 334 1298 Nunc
346 1245 440 1296 celeres
452 1243 529 1296 Afros
540 1245 709 1312 perituraque
720 1244 806 1295 millia
817 1245 912 1313 gentis,

290 1315 379 1367 Aurea
389 1331 461 1365 nunc
472 1314 560 1382 rapidi
571 1313 682 1365 flumina
693 1313 766 1366 adire
778 1313 863 1381 Tegil

254 1384 333 1437 Nunc
345 1384 425 1436 uliam
436 1401 469 1435 ex
481 1384 534 1435 alia
545 1382 667 1435 bellando
680 1400 794 1450 quaerere
806 1382 933 1451 genteml

290 1452 400 1505 Vincere
413 1459 440 1505 et
454 1453 551 1505 Oceani
563 1452 659 1504 finibus
671 1451 800 1504 ulterius?

254 1521 315 1576 Non
326 1528 445 1574 nostrum
457 1527 503 1589 est,
516 1522 631 1590 inquam,
645 1527 734 1574 tantas
746 1522 877 1589 attingere
889 1522 997 1589 leudes3

291 1592 361 1656 Quin
374 1592 458 1644 ausim
470 1591 519 1643 hoc
532 1591 612 1643 etiam
625 1591 717 1658 dicere,
727 1592 773 1643 rix
785 1592 921 1644 hominum
933 1599 980 1646 est.

255 1661 324 1730 Ipsa,
337 1661 393 1713 haec
405 1661 462 1728 ipsa
473 1661 559 1713 ferent
571 1678 659 1712 rerum
670 1668 842 1714 monumenta
853 1679 900 1731 per
912 1663 1000 1716 orbem
1006 1682 1050 1729 ;—

290 1731 352 1799 Ipsa
364 1730 413 1783 sibi
426 1731 559 1798 egregium
571 1731 643 1783 facta
656 1731 735 1783 decus
747 1731 858 1799 parient.

254 1800 308 1853 Nos
321 1817 358 1866 ea,
372 1817 431 1867 quae
444 1807 531 1852 tecum
543 1800 678 1852 finxerunt
690 1801 807 1854 carmina
818 1801 880 1870 divi,

290 1869 427 1937 Cynthius,
440 1876 467 1921 et
478 1869 572 1937 Musae,
584 1870 711 1937 Bacchus,
724 1876 751 1922 et
763 1870 864 1938 Aglaie.
1062 1877 1097 1926 60

255 1938 296 2009 [si
308 1939 399 1990 laudes
411 1939 531 2006 aspirem,
544 1939 640 1990 humili
653 1939 699 1991 sed
711 1940 783 1991 adire
797 1941 938 2009 Camenu;]

291 2007 318 2059 Si
330 2007 416 2075 patrio
429 2007 519 2060 Graios
531 2007 645 2060 carmine
657 2008 730 2060 adire
742 2008 808 2061 sales

256 2076 413 2128 Possumus:
431 2076 529 2144 optatis
541 2077 601 2145 plus
609 2078 667 2144 jam
679 2079 843 2145 procedimus
855 2079 926 2147 ipsis.

291 2145 349 2197 Hoc
361 2145 424 2197 satis
437 2151 482 2213 est,
495 2145 590 2214 pingui
602 2145 641 2198 nil
652 2145 720 2197 mihi
731 2162 792 2199 cum
804 2148 908 2217 populo.

351 2292 413 2346 XII.
431 2293 471 2347 IN
489 2291 681 2346 POMPEIUM
699 2292 865 2359 MAGNUM,
876 2293 945 2347 vui
963 2293 1004 2348 IN

543 2379 811 2434 MITHRIDATEM.

291 2502 394 2571 Aspice,
406 2521 484 2572 quem
495 2502 583 2556 valido
596 2503 738 2554 subnixum
750 2502 833 2570 gloria
844 2520 925 2572 regno

324 2572 412 2624 Altius
424 2579 451 2625 et
465 2574 523 2625 coeli
536 2572 639 2624 sedibus
652 2573 798 2625 extulerat!

290 2641 428 2694 Terrarum
440 2642 483 2694 hic
496 2643 564 2694 bello
575 2660 703 2710 magnum
715 2647 879 2694 concusserat
891 2641 996 2707 orbem;
1097 2644 1100 2681 ἱ

325 2710 377 2763 Hic
389 2729 463 2780 reges
475 2713 545 2764 Asise
556 2712 670 2779 fregerat
683 2718 710 2764 et
722 2712 838 2780 populos.
1101 2742 1109 2756 -

291 2779 344 2832 Hic
353 2798 435 2848 grave
446 2782 585 2836 servitium
596 2781 657 2852 tibi,
666 2782 727 2854 ‘pam
735 2779 1049 2848 tilinllnmmierdows
1119 2781 1125 2788 “

318 2849 411 2906 Cetera
423 2870 544 2929 nemque
558 2855 612 2913 viri
625 2855 746 2930 cuspide
757 2852 945 2910 condiderunt
953 2862 972 2906 ‘s
