2700 3242
496 288 663 344 AENEIDOS
683 288 748 342 LIB.
767 289 844 342 VIII.
1041 293 1092 343 265

245 390 417 446 Horrendum
428 391 511 459 dictu,
523 391 639 458 dederat,
652 394 728 443 terna
739 407 813 443 arma
824 389 971 454 movenda3

244 461 297 515 'les
308 460 362 514 leto
374 461 529 514 sternendus
541 465 615 522 erat;
633 459 677 512 cui
689 465 754 512 tunc
766 466 856 511 tamen
867 477 955 511 omnes
978 481 980 484 ⁴

246 529 367 583 Abstulit
379 530 435 582 haec
447 530 549 582 animas
561 529 662 594 dextra,
675 534 702 581 et
714 529 825 580 totidem
836 529 912 580 exuit
924 528 1011 582 armis.

245 599 309 652 Non
319 615 368 666 ego
379 615 451 650 nunc
463 598 536 650 dulci
548 598 673 666 amplexu
685 597 823 650 divellerer
834 613 953 664 usquam.

246 667 325 735 Nate,
337 672 384 720 tuc
393 686 400 732 ;
408 683 493 735 neque
502 668 632 720 finitimus
640 666 788 718 Mezentius
799 684 913 733 usquam

247 735 320 789 Huic
332 737 413 805 capiti
424 736 564 802 insultans,
576 736 697 788 tctferro
709 753 778 788 saera
790 736 904 788 dedisset
1040 738 1091 789 570

247 805 361 873 Funera,
372 811 429 859 tam
439 805 532 858 multis
543 805 678 858 viduasset
690 805 791 857 civibus
804 804 902 858 urbem.

246 873 286 927 nt
297 891 350 942 vos,
362 891 378 927 c
390 875 485 944 superi,
497 880 525 926 et
537 874 629 926 divum
641 880 672 926 tu
684 875 799 926 maxime
810 881 896 927 rector

246 942 363 1012 Jupiter,
376 943 489 1012 Arcadii,
502 959 597 1011 quaeso,
609 943 767 996 miserescite
778 944 855 1011 regis,

246 1012 285 1066 Ilt
296 1013 395 1080 patrias
407 1012 498 1066 audite
510 1029 615 1080 preces:
634 1011 663 1066 si
674 1013 786 1064 numina
797 1019 885 1066 vestra

248 1081 413 1134 Incolumem
425 1081 548 1134 Pallanta
559 1081 633 1148 mihi,
646 1081 668 1133 si
680 1082 737 1134 fata
748 1089 890 1150 reservant,

247 1149 277 1203 si
288 1151 393 1204 visurus
405 1168 464 1203 eum
477 1151 546 1218 vivo,
558 1155 585 1202 et
597 1157 725 1203 venturus
736 1151 765 1202 in
778 1169 868 1218 unum,

247 1219 341 1272 Vitam
352 1236 414 1284 0r0;
431 1220 519 1301 patiar
530 1220 649 1288 quemvis
661 1220 756 1272 durare
768 1219 899 1273 laborem:

247 1287 296 1341 sin
308 1287 423 1357 aliquem
434 1289 575 1340 infandum
587 1305 685 1355 casum,
697 1288 822 1355 Fortuna,
834 1290 950 1357 minaris,

247 1357 274 1409 N
274 1374 336 1425 unc,
349 1375 364 1410 ο
376 1374 447 1410 nune
459 1357 539 1410 liceat
551 1357 684 1410 crudelem
695 1358 850 1426 abrumpere
863 1359 954 1426 ritem,

247 1425 321 1478 Dum
332 1443 402 1479 eurae
414 1426 553 1494 ambigua,
566 1427 630 1478 dum
642 1444 700 1495 spes
712 1427 814 1479 ineerta
824 1427 918 1495 futuri,
1041 1431 1092 1480 580

247 1494 321 1548 Dum
333 1501 368 1563 te,
380 1513 439 1548 care
450 1513 524 1564 puer,
535 1513 595 1548 mea
607 1513 663 1548 sera
675 1502 703 1549 et
715 1497 770 1548 sola
782 1497 912 1564 voluptas,

248 1563 394 1632 Complexu
405 1570 500 1629 teneo;
514 1565 621 1632 ¹gravior
633 1582 667 1617 ne
679 1566 792 1618 nuncius
804 1583 880 1618 aures

248 1632 396 1687 Vulneretl'
421 1633 487 1686 Haec
499 1634 601 1701 genitor
613 1634 732 1702 digressu
744 1634 815 1687 dicta
827 1653 947 1756 supremo

247 1701 406 1756 Fundebat:
423 1703 518 1755 famuli
530 1703 674 1771 collapsum
686 1704 715 1755 in
727 1710 799 1757 tecta
809 1705 864 1757 fere
882 1712 937 1759 ant.
996 1727 1000 1734 ·

284 1770 400 1840 Jamque
411 1772 476 1825 adeo
488 1772 589 1825 exierat
601 1773 683 1840 pertis
695 1774 829 1840 equitatus
841 1775 939 1843 apertis
949 1793 957 1839 ;

248 1839 347 1893 AEneas
359 1841 428 1894 inter
439 1841 536 1910 primos
548 1848 576 1893 et
587 1841 656 1893 fidus
667 1843 783 1894 Achates
793 1862 801 1907 ς

249 1908 317 1962 Inde
329 1909 376 1962 alii
387 1909 470 1963 Tro'ae
482 1927 598 1978 proceres
609 1930 616 1974 ;
634 1911 690 1991 ipse
702 1912 807 1979 agmine
820 1912 907 1965 Pallas

248 1978 284 2031 In
295 1979 389 2046 medio,
401 1929 540 2047 chlamyde
552 1986 580 2031 et
592 1980 669 2048 pictrs
682 1987 836 2048 conspectus
848 1982 877 2033 in
889 1981 986 2035 armis:

250 2047 342 2111 Qualis
354 2049 400 2101 ubi
412 2049 503 2101 oceani
514 2049 635 2118 perfusus
648 2049 754 2101 Lucifer
764 2050 844 2117 unda,

250 2117 336 2181 Quem
348 2117 438 2170 Venus
450 2123 512 2170 ante
523 2118 589 2170 alios
601 2125 731 2170 astrorum
743 2118 832 2187 diligit
843 2119 925 2186 ignes,
1043 2123 1094 2172 590

249 2185 358 2239 Extulit
370 2204 397 2240 os
410 2204 513 2239 sacrum
525 2186 597 2254 coelo,
609 2187 781 2255 tenebrasque
792 2189 906 2241 resolvit.

249 2254 330 2308 Stant
341 2256 443 2324 pavida
456 2256 484 2308 in
495 2256 578 2308 muris
589 2262 695 2322 matres,
707 2257 840 2326 oculisque
853 2262 999 2325 sequuntur

250 2322 407 2378 Pulveream
418 2325 517 2378 nubem
529 2330 556 2378 et
567 2325 700 2394 fulgentes
712 2343 762 2377 aere
774 2333 899 2380 catervas.

251 2393 305 2446 Olli
316 2411 364 2463 per
375 2395 474 2461 dumos,
487 2411 540 2462 qua
551 2395 671 2463 proxima
684 2401 755 2447 meta
766 2395 876 2458 riarum,

251 2462 356 2515 Armati
368 2463 490 2516 tendunt.
527 2463 554 2515 lt
566 2464 669 2530 clamor,
683 2470 710 2516 et
722 2465 827 2531 agmine
838 2465 909 2517 sacto

251 2531 474 2601 Quadrupedante
487 2538 592 2600 putrem
604 2533 693 2585 sonitu
705 2533 792 2601 quatit
804 2534 906 2600 ungula
918 2551 1048 2602 campum.

249 2600 301 2652 Est
312 2601 405 2670 ingens
417 2601 535 2670 gelidum
546 2601 622 2654 lucus
635 2620 715 2670 prope
727 2602 828 2654 Caeritis
840 2620 952 2670 amnem,

252 2669 390 2738 Religione
402 2677 509 2740 patrum
521 2670 576 2722 late
588 2688 676 2734 sacen
694 2672 813 2738 undique
825 2672 903 2724 colles

251 2739 386 2793 Inclusere
397 2739 456 2792 cavi
468 2745 496 2792 et
508 2739 584 2807 nigra
595 2757 688 2793 nemus
700 2740 789 2794 abiete
800 2740 927 2812 cingunt.

249 2808 356 2862 Silvano
365 2809 437 2878 fama
449 2814 490 2862 est
503 2815 604 2867 veteres
617 2829 739 2870 sacrasse
748 2813 895 2886 Pelasgos,
1075 2805 1136 2854 iffi
