2700 3242
297 311 347 361 192
527 306 557 361 P.
575 305 733 360 vlaslnn
750 305 912 360 MARONIS

295 409 406 479 Accepit
419 409 510 474 Roma,
522 415 550 463 et
562 409 680 478 patrium
692 410 805 462 servavit
817 409 943 462 honorem
955 429 962 474 ;

294 479 423 548 'frojaque
435 496 513 546 nune,
525 479 600 548 pueri
613 480 756 546 Trojanum
769 479 867 530 dicitur·
879 497 983 546 agmen.

296 547 355 600 Hac
367 548 499 601 celebrata
510 554 588 600 tenus
601 555 691 600 sancto
704 549 849 600 certamina
861 550 937 616 patri

330 618 383 670 Hic
395 618 511 687 primum
522 618 630 670 fortuna
641 617 720 668 fidem
732 624 838 669 mutata
849 618 965 670 novavit,

294 683 366 739 Dum
378 687 457 740 variis
470 687 573 739 tumulo
585 687 704 738 referunt
716 687 842 738 solemnia
854 687 941 751 ludis;

295 755 362 808 Irim
375 757 407 809 de
419 756 484 808 coelo
496 757 569 807 misit
581 755 706 808 Saturnia
718 755 792 807 Juno

295 825 407 878 Iliacam
419 825 453 877 ad
465 826 581 891 classem,
593 831 738 891 ventosque
750 825 850 893 aspirat
862 825 944 885 eunti,

293 894 382 948 Multa
393 912 507 960 movens,
519 894 633 946 necdum
645 895 785 961 antiquum
798 899 916 945 saturata
928 894 1051 948 dolorem

292 963 344 1016 Illa
357 965 428 1016 viam
439 964 555 1016 celerans
567 981 614 1031 per
625 963 699 1015 mille
711 963 840 1015 coloribus
853 980 951 1029 arcum,

291 1032 368 1085 Nulli
380 1034 442 1097 visa,
456 1033 508 1085 cito
521 1033 637 1084 decurrit
649 1033 756 1084 tramite
768 1032 858 1096 virgo:
1086 1039 1098 1087 t

291 1101 424 1171 Conspicit
436 1103 571 1170 ingentem
583 1119 746 1166 concursum,
759 1107 785 1153 et
797 1101 875 1152 litora
887 1100 992 1168 lustrat,

290 1169 463 1240 Desertosque
476 1171 550 1224 videt
561 1177 652 1239 portus
664 1171 824 1238 classemque
835 1170 962 1222 relictam

289 1239 328 1293 At
339 1241 430 1309 procul
442 1241 471 1293 in
483 1241 538 1293 sola
550 1246 655 1292 secretae
667 1239 780 1291 Troades
792 1246 852 1292 acta

289 1309 423 1362 Amissum
435 1310 568 1364 Anchisen
579 1309 686 1376 fiebant,
698 1314 852 1376 cunctaeque
864 1308 1026 1376 profundum

290 1377 406 1432 Pontum
418 1379 588 1447 aspectabant
599 1378 708 1429 flentes:
728 1378 742 1402 “
750 1377 817 1442 Heu,
830 1383 870 1428 tot
882 1376 950 1428 vada
961 1377 1043 1445 fessis,

290 1448 326 1500 Et
338 1454 444 1500 tantum
457 1465 588 1516 superesse
599 1447 678 1498 maris
689 1445 713 1500 !''
731 1463 782 1497 vox
795 1445 915 1496 omnibus
927 1462 988 1497 una.

290 1512 387 1565 Urbem
400 1520 493 1577 orant;
512 1515 593 1565 taedet
604 1513 692 1581 pelagi
703 1513 817 1580 perferre
829 1512 949 1566 laborem

289 1580 359 1650 Ergo
371 1582 551 1634 intermedias
564 1599 617 1634 sese
629 1582 702 1634 haud
714 1583 806 1648 ignara
817 1582 928 1633 nocendi

289 1651 408 1718 Oonjicit,
421 1658 448 1703 et
459 1651 606 1719 faciemque
618 1653 673 1704 dcae
687 1657 836 1718 vestemque
847 1651 967 1718 reponit:

288 1718 333 1772 Fit
345 1721 436 1787 Beroe,
449 1720 547 1772 Tmarii
559 1723 656 1789 conjux
668 1721 789 1787 longaeva
800 1720 914 1787 Dorycli,
1081 1729 1098 1777 6

288 1788 336 1840 eui
348 1807 431 1856 genus
444 1795 471 1841 et
483 1790 616 1857 quondam
627 1808 723 1842 nomen
735 1790 843 1856 natique
855 1789 967 1841 fuissent
978 1808 985 1852 ;

286 1857 326 1910 Ac
339 1859 375 1911 sic
388 1858 571 1911 Dardanidum
583 1860 697 1912 mediam
710 1877 736 1910 se
748 1859 877 1910 matribus
888 1859 985 1911 infert:

290 1921 307 1949 “
318 1924 339 1975 0
352 1925 460 1990 miserae,
473 1943 537 1992 quas
550 1945 602 1978 non
614 1926 732 1981 manus.’'
742 1928 838 1995 inquit,
850 1928 990 1980 “Achaica
1002 1928 1071 1984 bello

285 1983 406 2040 ll'raxerit
417 1989 451 2041 ad
463 1989 548 2042 letum
559 1993 652 2060 patrius
665 1993 714 2045 sub
725 1995 872 2048 moenibus!
891 2014 906 2048 o
918 2015 983 2065 gens

284 2053 397 2110 Infelix!
412 2059 455 2110 cui
465 2063 492 2111 te
505 2061 586 2113 exitio
598 2062 706 2114 fortuna
717 2064 850 2117 reservati

283 2123 402 2193 Septima
413 2134 473 2196 post
485 2129 568 2197 Irojae
581 2132 715 2183 excidium
723 2135 781 2200 jam
792 2134 906 2187 vertitur
917 2142 1001 2203 aestas,

283 2193 372 2257 Quum
383 2196 458 2263 freta,
471 2215 554 2266 quum
566 2206 648 2252 terras
660 2218 757 2267 omnes,
769 2208 810 2254 tot
821 2204 955 2273 inhospita
967 2225 1032 2260 saxa

281 2261 423 2333 Sideraque
435 2284 547 2320 emensae
559 2270 668 2321 ferimur
678 2290 685 2334 ;
704 2271 767 2322 dum
780 2289 826 2338 per
838 2291 910 2326 mare
921 2293 1050 2343 magnum

281 2331 390 2385 Italiam
403 2337 535 2403 sequimur
546 2338 701 2406 fugientem,
714 2346 741 2392 et
753 2341 884 2394 volvimur
895 2345 981 2397 undis

279 2399 333 2454 Hic
346 2403 436 2471 Erycis
448 2405 513 2458 fines
525 2408 641 2474 fraterni,
655 2415 735 2477 atque
747 2410 840 2478 hospes
852 2413 974 2468 Acestes:
1074 2422 1098 2472 (Ξ

280 2470 350 2534 Quid
362 2472 483 2540 prohibet
494 2493 582 2528 muros
590 2480 685 2545 jacere,
699 2486 725 2531 et
737 2480 799 2531 dare
811 2480 912 2533 civibus
924 2482 1015 2536 urbem
1027 2487 1039 2542 P

279 2539 300 2592 0
313 2542 407 2609 patria,
420 2548 447 2594 et
458 2546 528 2612 rapti
541 2548 719 2615 nequidquam
732 2566 765 2600 ex
778 2549 853 2602 hoste
864 2558 982 2620 penates,

277 2607 394 2662 Nullane
403 2613 460 2678 jam
473 2613 555 2682 Trojae
568 2616 691 2668 dicentur
702 2618 819 2671 moenial
838 2637 969 2688 nusquam

271 2677 419 2733 Hectoreos
425 2686 529 2748 amnes,
542 2684 681 2738 Xanthum
693 2693 720 2739 et
733 2687 877 2755 Simoenta,
889 2691 1003 2745 videbat

259 2745 335 2808 Quin
346 2751 430 2834 agita
446 2759 476 2809 et
488 2773 595 2812 mecum
608 2756 743 2812 infaustas
754 2757 857 2812 ensuite
867 2776 977 2828 puppes.

236 2811 317 2874 Nm
327 2823 407 2879 nimi
418 2825 584 2890 Cassandrae
596 2851 649 2908 per
662 2849 790 2890 somnum
799 2829 970 2896 ratisimaqo
