2700 3242
884 236 991 288 334
1345 232 1405 286 Ρ.
1432 232 1739 285 VIRGILII
1777 231 2100 285 MARORIS

878 335 1005 388 Huc
1021 331 1235 403 juvenis
1258 338 1387 386 nota
1410 333 1579 385 fertur
1602 332 1812 400 regione
1836 333 2059 399 viarum,

875 404 1224 472 Arripuitque
1247 403 1441 466 locum,
1464 407 1521 454 et
1543 401 1689 453 silvis
1712 401 1909 453 insedit
1932 401 2143 468 iniquis.

952 472 1198 525 Velocem
1222 473 1427 524 interea
1450 471 1651 539 superis
1673 471 1731 522 in
1756 470 1965 522 sedibus
1990 470 2162 538 Opim,

877 540 1055 594 'Unam
1079 558 1146 593 ex
1170 540 1464 608 virginibus
1489 540 1639 592 sociis
1665 555 1916 606 sacraque
1940 545 2167 606 caterva,

878 610 1008 662 Com
1074 609 1255 675 llabat,
1281 615 1336 661 et
1359 609 1455 660 has
1479 609 1656 660 tristes
1680 609 1903 660 Latonia
1927 625 2077 661 voces

877 675 981 728 Ore
1041 674 1195 729 abat:
1237 679 1269 704 ‘⁶
1286 677 1541 729 Graditur
1564 677 1763 729 bellum
1786 677 1855 728 ad
1879 677 2089 729 crudele
2113 675 2331 728 Camilla

877 743 922 798 O
947 745 1110 812 virgo,
1137 751 1191 797 et
1213 746 1406 799 nostris
1428 746 1785 814 nequidquam
1809 746 2042 812 cingitur
2063 745 2241 812 armis,

879 813 1012 866 Cara
1035 814 1166 866 mihi
1190 822 1314 867 ante
1338 814 1515 866 alias.”
1587 814 1770 880 Neque
1794 815 1935 866 enim
1958 831 2126 866 novus
2153 815 2256 866 iste
2278 813 2331 866 D.

879 880 1042 933 Venit
1065 896 1226 947 amor,
1253 878 1531 946 subitaque
1556 880 1792 932 animum
1816 878 2095 931 dulcedine
2118 880 2299 932 movit.

879 948 1072 1002 Pulsus
1097 947 1163 1001 ob
1185 947 1445 1000 invidiam
1467 965 1628 1016 regno
1652 949 1894 1016 viresque
1917 948 2165 1017 superbas

877 1016 1130 1070 Priverno
1154 1017 1377 1085 antiqua
1400 1016 1647 1069 Metabus
1670 1034 1837 1085 quum
1861 1018 2137 1070 excederet
2160 1016 2306 1085 urbe,

879 1086 1148 1140 Infantem
1172 1086 1383 1154 fugiens
1404 1085 1580 1138 media
1601 1087 1742 1138 inter
1764 1086 1949 1166 proelia
1972 1086 2099 1138 belli

877 1153 1110 1208 Sustulit
1134 1155 1317 1207 exsilio
1342 1155 1601 1222 comitem,
1625 1162 1913 1223 matrisque
1937 1156 2147 1209 vocavit

878 1223 1104 1276 Nomine
1129 1224 1402 1289 Casmillae,
1427 1229 1637 1276 mutata
1661 1229 1827 1292 parte,
1854 1224 2143 1277 Camillam.

877 1293 1017 1361 Ipse,
1042 1293 1162 1345 sinu
1185 1309 1293 1362 prae
1321 1310 1378 1345 se
1401 1300 1631 1361 portans,
1648 1295 1783 1360 juga
1805 1293 1965 1360 longa
1987 1294 2202 1362 petebat

879 1361 1120 1414 Selorum
1141 1379 1416 1415 nemorum
1437 1380 1451 1426 ;
1486 1361 1595 1414 tela
1617 1362 1853 1430 undique
1877 1379 2017 1414 saeva
2039 1363 2331 1430 premebam

877 1431 952 1483 Et
977 1432 1292 1484 circumfuso
1316 1431 1613 1484 volitabant
1635 1431 1805 1482 milite
1830 1430 2020 1484 Volsci.

878 1499 1031 1567 Ecce,
1056 1501 1197 1568 fugae
1221 1501 1395 1553 medio
1420 1501 1636 1552 summis
1660 1500 1957 1552 Amasenus
1981 1500 2255 1553 abundans

880 1568 1173 1638 Spumabat
1196 1570 1325 1638 ripis
1345 1588 1360 1633 ;
1396 1575 1578 1622 tantus
1603 1586 1657 1621 se
1681 1569 1910 1621 nubibus
1934 1569 2101 1621 imber

883 1637 1132 1706 Ruperat.
1204 1639 1320 1705 Ille,
1344 1639 1529 1690 innare
1552 1657 1758 1706 param,
1783 1639 2003 1691 infantis
2028 1656 2203 1692 amore

878 1706 1153 1773 Tardatur,
1180 1725 1403 1776 caroque
1428 1709 1573 1759 oneri
1597 1709 1764 1760 timet.
1837 1708 2027 1760 Omnia
2052 1725 2230 1760 secum

883 1776 1129 1829 Versanti
1153 1777 1327 1829 subito
1354 1778 1445 1830 vix
1469 1777 1583 1829 haec
1608 1777 1869 1829 sententia
1895 1777 2061 1829 sedit:

878 1845 1066 1897 Telum
1091 1846 1334 1913 immane,
1361 1863 1523 1897 manu
1548 1846 1724 1898 valida
1748 1846 1885 1914 quod
1908 1846 2045 1898 forte
2068 1846 2282 1913 gerebat

880 1913 1130 1982 Bellator‚
1157 1915 1381 1967 solidum
1404 1916 1555 1967 nodis
1580 1922 1633 1968 et
1657 1915 1837 1966 robore
1862 1922 2006 1967 cocto
2028 1934 2042 1978 ;

882 1982 1026 2035 Huic
1049 1991 1246 2050 natam,
1271 1983 1403 2036 libro
1428 1990 1482 2036 et
1506 1985 1732 2037 silvestri
1757 1984 1939 2036 subere
1964 1984 2210 2051 clausam,

882 2051 1146 2120 Implicat,
1171 2059 1331 2121 atque
1355 2052 1585 2104 habilem
1607 2054 1793 2104 mediae
1818 2054 2150 2120 circumligat
2174 2054 2331 2106 hastae

883 2120 1055 2184 Quam
1079 2121 1267 2173 dextra
1289 2122 1495 2188 ingenti
1518 2121 1715 2174 librans
1738 2123 1817 2174 ita
1840 2123 1907 2174 ad
1932 2123 2127 2174 aethera
2150 2122 2293 2174 fatur
2313 2140 2326 2175 ε

888 2189 919 2216 “
937 2184 1106 2249 Alma,
1130 2185 1230 2237 tibi
1254 2186 1407 2252 hanc,
1432 2204 1705 2240 nemorum
1730 2188 1943 2247 cultrix,
1969 2190 2189 2242 Latonia
2214 2191 2331 2254 virg

885 2246 1006 2315 Ipse
1030 2254 1180 2317 pater
1202 2250 1460 2302 famulam
1484 2269 1644 2304 voveo
1665 2271 1678 2316 3
1715 2258 1811 2305 tua
1836 2254 2005 2321 prima
2029 2273 2122 2323 per
2145 2273 2300 2308 auras

883 2315 1011 2369 Tela
1035 2324 1219 2370 tenens
1244 2319 1468 2387 supplex
1493 2321 1695 2372 hostem
1719 2323 1874 2389 fugit.
1947 2325 2154 2393 Accipe,
2180 2331 2331 2378 testo]

885 2384 1024 2437 Diva
1048 2392 1210 2454 tuam,
1237 2405 1351 2454 quae
1376 2406 1519 2440 nunc
1544 2390 1717 2442 dubiis
1743 2392 2092 2445 committitur
2117 2395 2303 2448 aurisss’

885 2452 1054 2520 Dixit,
1079 2461 1133 2507 et
1157 2456 1386 2509 adducto
1412 2465 1709 2510 contortum
1734 2460 1923 2512 hastile
1948 2462 2142 2515 lacerto

885 2521 1139 2575 Immittit
1162 2543 1174 2577 :
1211 2543 1429 2577 sonuere
1455 2528 1609 2578 undae
1631 2547 1644 2590 ;
1680 2529 1923 2596 rapidum
1950 2548 2105 2599 super
2128 2549 2331 2585 amnem

875 2590 1079 2644 Infelix
1107 2593 1249 2663 fugit
1273 2596 1329 2646 in
1348 2596 1527 2663 jaculo
1554 2597 1805 2648 stridente
1831 2599 2065 2652 Camilla.

847 2660 937 2715 At
959 2662 1233 2737 MetabuS‚
1263 2685 1465 2739 magna
1487 2667 1702 2739 propius
1723 2669 1831 2736 §am
1852 2676 2073 2735 urgente
2099 2674 2324 2739 caterva,

773 2797 777 2808 ἒ
822 2728 954 2791 Dat
973 2754 1101 2795 sese
1125 2740 1317 2816 fluviO,
1344 2751 1519 2814 atque
1542 2741 1765 2796 hastam
1788 2755 1906 2791 cum
1931 2739 2133 2806 augme
2147 2739 2311 2791 *imm
