2700 3242
504 273 670 328 AENEIDOS
688 275 755 329 LIB.
773 275 836 330 XII.
1038 278 1090 328 ete

244 378 330 430 Hasta
342 377 413 444 tulit,
426 395 592 445 summasque
604 378 720 429 excussit
729 379 827 432 vertice
840 379 938 432 cristas.

243 448 312 498 Tum
324 464 384 499 vero
397 453 537 514 assurgunt
549 449 609 510 irae;
628 448 782 516 insidiisque
795 448 927 516 subactus,

243 517 366 569 Diversos
378 516 425 567 ubi
438 518 518 568 sensit
531 534 610 584 equos
622 534 780 584 currumque
791 518 890 586 referri,

243 586 333 638 Multa
344 586 364 638 J
365 603 440 638 ovem
451 593 478 638 et
489 586 546 637 laesi
557 592 671 638 testatur
684 587 789 638 foederis
801 605 874 651 eras;

243 655 308 707 dam
320 655 428 706 tandem
439 656 542 707 invadit
554 656 660 722 medios,
673 662 701 707 et
713 657 800 707 Marte
812 655 927 709 secundo

243 724 378 775 Terribilis
391 742 486 776 saevam
499 725 573 776 nullo
586 725 736 777 discrimine
749 727 848 777 caedem

243 793 368 860 Suscitat,
381 795 531 862 irarumque
543 812 631 846 omnes
644 795 757 846 effundit
769 795 891 847 habenas.

280 863 344 926 Quis
356 863 423 914 mihi
432 881 503 914 nunc
511 870 551 915 tot
561 864 653 916 acerba
661 865 734 931 deus,
743 865 801 932 quis
814 865 930 916 carmine
942 863 1024 916 caedcs
1037 866 1089 917 500

242 932 373 999 Diversae,
386 932 539 1000 obitumque
552 934 656 1001 ducum,
670 951 734 1000 quos
747 951 849 1001 aequore
862 940 918 985 toto

244 1001 329 1069 Inque
341 1002 424 1053 vicem
437 1019 507 1053 nunc
520 1003 623 1053 Turnus
636 1003 699 1070 agit,
712 1020 783 1055 nunc
797 1004 889 1055 Troius
902 1003 984 1070 heros,

243 1071 396 1139 Expediet?
415 1070 517 1122 tanton’
530 1073 631 1140 placuit
644 1089 796 1123 concurrere
808 1079 890 1139 motu,

244 1141 360 1208 Jupiter,
374 1147 472 1193 aeterna
483 1148 574 1208 gentes
587 1142 615 1191 in
628 1159 692 1209 pace
704 1143 824 1194 futuras!

243 1209 341 1261 AEneas
353 1211 484 1262 Rutulum
498 1210 706 1262 Sucronem-ea
718 1211 803 1278 prima
814 1215 921 1262 ruentes

244 1278 338 1346 Pugna
350 1279 405 1332 loco
418 1279 512 1331 statuit
525 1279 743 1331 Teucros-haud
755 1279 841 1331 multa
853 1282 990 1333 moratus'

243 1348 352 1417 Excipit
364 1349 393 1400 in
405 1349 483 1414 latus,
496 1354 530 1415 ct,
543 1367 596 1417 qua
608 1350 664 1400 fata
677 1349 818 1413 celerrima,
832 1349 942 1400 crudum

243 1418 412 1485 Transadigit
425 1426 508 1470 costas
521 1421 644 1470 et'cratcs
656 1417 769 1486 pectoris
782 1434 876 1471 ensem.

244 1486 348 1538 'furnus
360 1504 427 1556 equo
440 1488 571 1555 dejectum
584 1488 722 1554 Amycum,
735 1488 896 1553 fratremque
908 1486 1023 1552 Diorem,

244 1555 401 1623 Congressus
413 1558 500 1625 pedes,
510 1557 580 1608 hunc
593 1558 742 1609 venientem
756 1556 863 1623 cuspide
875 1556 961 1623 longa,
1036 1559 1089 1608 510

245 1625 325 1677 Hunc
337 1643 460 1678 mucrone
472 1626 548 1689 fcrit;
567 1643 698 1694 curruque
710 1625 810 1677 abscisa
822 1627 936 1677 duorum

243 1694 386 1763 Suspendit
399 1691 494 1763 capita,
507 1703 533 1747 et
545 1697 662 1748 rorantia
674 1695 802 1762 sanguine
814 1702 909 1762 portat.

244 1764 295 1815 Ille
307 1764 390 1816 Talon
403 1765 564 1833 Tanaimque
576 1766 635 1817 neci
646 1766 793 1832 fortemque
807 1765 960 1832 Cethegum,

243 1833 306 1885 'fres
318 1850 371 1886 uno
384 1851 529 1901 congressu,
543 1842 570 1886 et
581 1841 703 1886 maestum
715 1835 800 1886 mittit
813 1834 926 1902 Onyten,

243 1902 346 1954 Nomen
358 1903 523 1969 Echionium,
535 1905 679 1971 matrisque
691 1921 775 1970 genus
787 1903 915 1965 Peridise3

244 1971 297 2023 Hic
309 1972 403 2024 fratres
415 1972 496 2040 Lycia
508 1974 599 2024 missos
611 1979 638 2023 et
651 1972 781 2040 Apollinis
794 1973 871 2038 agris,

243 2041 279 2093 Et
287 2043 414 2109 juvenem
426 2059 532 2093 exosum
544 2040 724 2109 nequidquam
735 2039 805 2091 bella
817 2042 951 2091 Menoeten

242 2111 360 2163 Arcada:
379 2111 486 2178 piscosae
499 2111 542 2162 cui
555 2111 654 2161 circum
666 2109 776 2160 flumine
788 2109 880 2160 Lernae

243 2179 294 2231 Ars
306 2181 399 2246 fuerat,
412 2197 563 2248 pauperque
576 2181 683 2242 domus;
701 2195 750 2229 nec
762 2185 825 2230 nota
837 2184 977 2246 potentum

243 2249 348 2300 Limina
359 2252 389 2282 '¹’
402 2272 408 2315 ;
426 2253 603 2318 conductaque
616 2258 690 2318 pater
703 2248 795 2299 tellure
808 2248 915 2298 screbat.
1036 2249 1089 2300 520

242 2318 282 2371 Ac
295 2320 368 2370 velut
380 2319 490 2370 immissi
502 2318 610 2370 diversis
623 2317 742 2386 partibus
755 2317 829 2382 ignes

242 2388 369 2439 Arentem
381 2387 409 2439 in
422 2388 515 2439 silvam
527 2395 554 2439 et
566 2387 683 2453 virgulta
695 2386 815 2437 sonantia
827 2385 901 2437 lauro
908 2403 917 2449 ;

242 2457 300 2508 Aut
312 2456 357 2508 ubi
370 2457 481 2508 decursu
493 2457 584 2524 rapido
597 2456 629 2508 de
641 2454 775 2506 montibus
787 2454 849 2506 altis

242 2526 316 2578 Dant
326 2527 441 2578 sonitum
454 2525 568 2594 spumosi
581 2541 678 2590 amnes,
691 2523 758 2574 etin
771 2541 875 2591 aequora
886 2528 1006 2591 currunt,

243 2596 360 2663 Quisque
373 2613 450 2647 suum
462 2594 604 2663 populatus
616 2595 680 2645 iter:
699 2609 750 2643 non
764 2594 869 2660 segnius
881 2592 959 2644 ambo

242 2665 340 2716 AEneas
352 2664 508 2732 Turnusque
520 2671 602 2715 ruunt
614 2680 660 2731 per
672 2662 779 2730 proclia3
798 2679 876 2728 nunc,
888 2679 960 2715 nunc

242 2735 371 2786 Fluctuat
382 2735 422 2786 ira
435 2736 521 2797 intus;
539 2740 701 2801 rumpuntur
712 2733 800 2783 nescia
812 2732 885 2784 vinci

242 2803 367 2864 Pectora;
382 2821 455 2855 nunc
468 2804 529 2857 totis
541 2803 570 2857 in
583 2802 698 2858 vulnera
708 2802 814 2858 uirilius
823 2803 894 2856 itur.

337 2891 345 2907 ⁵
357 2895 473 2929 iuvruruem
877 2891 909 2918 ὓ
922 2885 1026 2925 §tunm
