2700 3242
279 308 331 358 ³54
512 305 541 358 Ρ.
560 304 715 358 VIRGILII
734 305 896 359 MARONIS

281 405 302 458 0
315 405 434 458 cohibete
446 405 512 458 iras!
532 407 615 458 ictum
624 407 682 473 jam
694 406 787 473 foedus,
799 413 827 459 et
839 424 928 459 omnes

280 476 435 541 Composita
447 476 517 543 leges
528 495 535 539 ;
552 476 619 526 mihi
627 478 672 543 jus
686 493 839 528 concurrere
851 477 914 539 soli;

279 543 325 597 lle
337 545 423 611 sinite,
436 554 516 612 atque
528 545 630 596 auferte
642 552 736 597 metus.
766 546 822 612 Ego
834 547 933 596 foedera
944 546 1008 598 faxo

278 614 368 666 Firma
380 632 478 677 manu;
497 615 615 665 Turnum
624 615 681 680 jam
694 614 790 666 debent
802 616 859 665 haec
871 615 938 666 mihi
950 616 1047 669 sacra.’'

279 683 336 734 llas
348 685 418 734 inter
430 700 512 748 voces,
524 684 611 734 media
623 684 693 734 inter
705 684 771 735 talia
783 684 870 749 verba,

278 752 353 819 Ecce,
366 754 422 804 viro
435 753 547 804 stridens
559 753 608 803 alis
621 752 722 820 allapsa
734 753 832 819 sagitta
844 758 891 813 est,

279 822 422 888 Incertum,
435 839 488 889 qua
499 822 576 889 pulsa
588 839 676 887 manu,
690 838 742 889 quo
755 821 859 874 turbine
871 823 985 886 adacta3
1073 827 1125 877 320

279 892 344 955 Quis
357 897 459 943 tantam
473 891 580 942 Rutulis
592 891 704 951 laudem,
718 908 827 942 casusne
839 892 945 959 deusne,

278 961 415 1012 Attulerit.
445 960 538 1011 Pressa
550 967 589 1011 est
602 960 713 1026 insignis
725 960 809 1026 gloria
820 961 900 1024 facti3

277 1029 303 1082 N
305 1048 333 1081 ec
347 1048 401 1081 sose
412 1030 503 1081 AEneae
512 1029 626 1097 jactavit
638 1029 746 1081 vulnere
758 1029 904 1097 quisquam.

314 1099 422 1164 Turnus,
435 1105 467 1150 ut
480 1099 582 1150 AEnean
595 1099 732 1149 cedentem
744 1116 777 1149 111
789 1101 894 1165 agmine
906 1099 976 1151 vidit

278 1167 458 1236 Turbatosque
470 1169 555 1233 duces,
569 1167 656 1219 subita
669 1185 714 1235 spe
726 1168 843 1219 fervidus
855 1169 930 1220 ardet
940 1187 948 1232 ;

278 1236 367 1289 Poscit
379 1255 458 1306 equos
470 1243 551 1306 atque
563 1255 635 1288 arma
648 1237 734 1303 simul,
748 1237 870 1305 saltuque
883 1238 1012 1305 superbus

278 1307 382 1359 Emicat
394 1308 423 1358 in
435 1324 547 1373 currum,
557 1312 584 1358 et
595 1305 716 1357 manibus
728 1307 837 1358 molitur
848 1305 971 1360 habenas.

277 1376 367 1428 Multa
379 1377 465 1428 virum
477 1377 590 1428 volitans
603 1376 649 1427 dat
661 1376 741 1427 fortia
753 1393 860 1443 corpora
872 1376 926 1428 leto
936 1395 943 1440 ;

278 1446 425 1498 Semineces
437 1445 520 1498 volvit
532 1445 637 1511 multos,
650 1451 698 1496 aut
710 1445 818 1512 agmina
830 1463 909 1497 curru

277 1516 398 1581 Proterit,
411 1521 459 1566 aut
471 1522 560 1582 raptas
572 1513 735 1582 fugientibus
748 1514 846 1581 ingerit
858 1514 956 1567 hastas.
1072 1519 1122 1570 330

278 1586 369 1649 Qualis
381 1584 453 1652 apud
465 1585 546 1650 gelidi
560 1602 642 1651 quum
654 1583 765 1634 flumina
777 1584 895 1636 concitus
909 1584 993 1636 Hebri

277 1654 443 1722 Sanguinem
456 1654 560 1705 Mavors
573 1654 656 1721 clipeo
668 1653 813 1720 increpat·‚
825 1662 904 1720 atque
918 1655 1036 1705 [1111111

276 1723 352 1776 Bella
363 1740 470 1775 movens
483 1723 605 1774 immittit
618 1739 704 1790 equos,
718 1722 758 1772 illi
771 1738 873 1788 aequore
885 1728 978 1782 aperto

276 1794 347 1846 Ante
360 1794 441 1845 Notos
455 1791 659 1860 Zephyrumque
672 1791 763 1842 volant
776 1809 783 1852 3
801 1792 883 1857 gemit
896 1791 994 1842 ultima
1005 1791 1086 1858 pulsu

277 1864 378 1916 Thraca
389 1863 505 1931 pedum,
523 1862 674 1929 circumque
686 1866 750 1913 atrae
763 1860 923 1912 Formidinis
935 1877 988 1929 ora,

277 1934 387 2001 Iraeque,
401 1932 564 1998 Insidiaeque,
578 1931 620 1981 dci
633 1930 780 1997 comitatus,
794 1936 918 1996 aguntur.

276 2003 347 2055 Talis
360 2019 438 2070 equos
450 2001 536 2052 alacer
548 2001 634 2051 media
647 2000 717 2050 inter
728 2000 821 2067 proelia
833 2000 937 2050 Turnus

276 2072 419 2124 Fumantes
433 2071 525 2121 sudore
538 2070 631 2137 quatit,
644 2069 792 2120 miserabile
804 2069 876 2120 caesis

276 2141 404 2193 Hostibus
417 2140 547 2191 insultans
559 2158 565 2202 3
584 2139 685 2206 spargit
697 2139 790 2205 rapida
802 2137 904 2204 ungula
916 2154 987 2190 rores

276 2211 445 2278 Sanguineas,
455 2210 593 2275 mixtaque
606 2225 682 2259 cruor
694 2208 812 2259 calcatur
823 2224 911 2261 arena.
1072 2210 1122 2261 340

275 2281 391 2348 Jamque
415 2280 473 2330 neci
494 2278 701 2346 Sthenelumque
722 2277 803 2345 dedit,
821 2276 1038 2345 Thamfiimque,
1056 2277 1122 2331 Pho·

345 2351 400 2402 lum
419 2367 452 2400 ue

276 2418 356 2472 Hunc
369 2368 519 2485 coiigressus
531 2422 558 2469 et
570 2417 659 2480 hunc;
678 2417 754 2469 illum
766 2415 885 2479 eminus,
904 2414 1009 2468 eminus
1022 2415 1100 2470 ambo

276 2490 441 2552 Imbrasidas
456 2488 585 2539 Glaucum
598 2493 678 2554 atque
691 2488 786 2553 Laden,
801 2503 865 2553 quos
879 2484 1017 2537 Imbrasus
1031 2488 1087 2555 ipse

275 2559 413 2611 Nutricrat
427 2558 513 2623 Lycia,
527 2557 687 2624 paribusque
701 2563 838 2608 ornaverat
851 2555 938 2620 armis,

276 2627 323 2681 Vel
338 2629 454 2681 conferre
467 2644 582 2691 1111111,
596 2626 637 2676 vel
651 2644 716 2692 equo
729 2632 883 2693 praevertere
896 2630 998 2677 ventos.

260 2696 347 2757 Parte
361 2701 417 2757 alia
429 2698 520 2756 media
532 2696 662 2751 llmnedes
673 2696 702 2748 in
713 2695 805 2763 nroelia
817 2695 910 2759 fertur,

250 2777 380 2851 Antiqui
395 2776 487 2852 proles
499 2773 573 2828 bello
585 2764 840 2844 praelaralloloms,

240 2846 377 2911 Nomine
391 2872 485 2912 avum
496 2851 633 2914 reserens,
645 2842 737 2897 auimo
747 2833 920 2895 manibusque
927 2839 1078 2894 umentem

671 2949 682 2968 0
694 2938 784 2978 ’1111111
