2700 3242
246 288 280 342 40
412 290 441 345 P.
455 290 550 344 VIRG.
568 289 655 344 Mart.
675 288 800 344 GEORG.
817 289 884 344 LIB.
903 291 925 345 l.

246 393 353 444 Scilicet
365 397 392 444 et
405 396 509 460 tempus
521 392 617 459 veniet,
627 409 710 459 quum
722 391 819 444 finibus
831 391 885 444 illis

247 461 376 529 Agricola,
389 461 497 513 incurvo
510 467 607 513 terram
619 461 727 513 molitus
739 466 833 528 aratro,

246 529 334 582 Euesa
345 531 463 583 inveniet
476 531 567 583 scabra
577 531 696 598 robigine
709 531 771 598 pila,

246 599 303 652 Aur
316 600 439 667 gravibus
452 600 542 652 rastris
555 600 643 667 galeas
655 599 773 667 pulsabit
785 599 885 665 inanes,

247 669 415 736 Grandiaque
427 669 525 721 effossis
536 669 676 720 mirabitur
689 685 746 720 ossa
758 669 890 736 sepulcris.

245 738 282 792 Di
294 739 374 807 patrii
387 738 530 805 Indigetes,
542 743 569 790 et
582 738 701 804 Romule,
711 738 843 806 Vestaque
854 744 947 804 mater,

248 808 311 873 Quae
324 808 438 859 Tuscum
451 808 564 859 Tiberim
577 813 603 859 et
617 807 735 858 Romana
747 807 853 859 Palatia
864 825 959 874 servas,

189 897 192 903 ’
246 877 328 934 Hunc
341 877 434 929 saltem
446 894 534 928 everso
543 879 668 944 juvenem
682 893 832 928 succurrere
844 877 918 929 saeclo
1041 881 1095 929 500

246 946 288 1000 Ne
300 947 442 1015 prohibete.
474 946 543 999 Satis
551 947 609 1014 jam
621 945 723 1012 pridem
736 946 865 1013 sanguine
876 952 965 998 nostro

246 1014 445 1068 laomedontea
457 1015 556 1066 luimus
568 1014 685 1083 perjuria
697 1015 786 1082 Trojae.

246 1084 267 1137 J
268 1102 311 1137 am
323 1085 425 1152 pridem
436 1085 510 1136 nobis
523 1085 583 1136 coeli
594 1089 622 1136 te
634 1084 713 1151 regia,
723 1084 814 1149 Oaesar,

250 1154 363 1221 Invidet,
374 1159 455 1221 atque
467 1153 604 1205 hominum
616 1154 736 1221 queritur
747 1170 838 1205 curare
851 1153 1014 1222 triumphos:

247 1218 352 1291 Quippe
363 1223 411 1275 ubi
422 1224 463 1275 fas
475 1241 580 1275 versum
592 1229 672 1290 atque
684 1223 759 1275 nefas
770 1241 775 1274 :
794 1229 835 1274 tot
846 1222 916 1275 bella
929 1241 976 1291 per
987 1224 1086 1292 orbem,
1096 1230 1099 1241 '

246 1292 313 1345 Tam
323 1293 415 1345 multae
428 1293 555 1345 scelerum
567 1292 647 1345 facies
658 1311 665 1355 ;
683 1310 736 1344 non
748 1293 819 1344 ullus
832 1299 919 1344 aratro

246 1361 350 1430 Dignus
362 1362 461 1425 h0n0s;
479 1363 600 1430 squalent
611 1361 733 1415 abductis
745 1379 808 1413 arva
820 1362 924 1427 colonis,

247 1429 282 1483 Et
295 1448 381 1484 curvae
393 1431 510 1499 rigidum
521 1432 601 1484 falces
614 1431 762 1483 conflantur
774 1431 802 1481 in
815 1448 909 1482 ensem.

248 1499 320 1552 Hinc
332 1506 420 1553 movet
433 1501 589 1568 Euphrates,
601 1500 675 1551 illinc
689 1500 828 1552 Germania
840 1499 958 1564 bellum;

247 1568 347 1621 Vicinae
359 1569 445 1638 ruptis
457 1570 527 1620 inter
539 1571 567 1621 se'
577 1569 680 1636 legibus
691 1569 768 1620 urbes
1041 1573 1093 1624 510

246 1638 328 1690 Arma
339 1639 430 1690 ferunt
442 1656 449 1701 ;
467 1638 542 1690 sevit
554 1643 610 1689 teto
622 1637 696 1688 Mars
707 1637 805 1706 impius
817 1637 895 1690 orbe:

247 1707 285 1760 Ut
298 1725 380 1774 quum
393 1707 538 1759 carceribus
550 1723 604 1758 sese
617 1706 731 1758 effudere
743 1707 884 1774 quadriga,

247 1768 358 1829 Addunt
370 1776 399 1827 in
411 1776 503 1844 spatia,
516 1780 542 1827 et
556 1776 654 1827 frustra
665 1776 814 1828 retinacula
825 1776 936 1828 tendens

247 1844 342 1900 Fertur
354 1845 427 1915 cquis
439 1845 539 1913 aruiga,
551 1862 636 1913 neque
647 1845 724 1897 audit
737 1862 829 1897 currus
841 1845 964 1901 habenas.
