2700 3242
607 314 735 370 CULEK
1048 313 1099 364 379

252 416 316 470 Illas
328 415 483 485 Triptolemi
495 418 612 470 mutavit
624 417 712 470 sulcus
724 418 819 471 aristis.

251 487 311 553 Hic,
324 504 453 554 magnum
465 487 558 554 Argoae
570 487 634 540 navi
646 487 733 554 decus,
746 488 818 540 edita
829 487 909 556 pinus

250 555 373 608 Proceras
386 555 491 608 decorat
503 556 582 610 silvas
593 557 697 609 hirsuta
708 575 755 625 per
766 564 855 621 artus;

252 625 365 694 Appetit
376 625 460 677 aereis
473 626 625 692 contingere
636 627 771 678 montibus
783 633 855 678 astra

251 694 324 747 Ilicis
337 700 364 747 et
375 695 458 762 nigrae
471 695 576 763 species,
589 701 616 747 et
628 695 690 748 laeta
702 713 839 764 cupressus
852 714 858 759 3

251 763 438 831 Umbrosaeque
449 771 559 816 manent
570 765 655 831 fagus,
667 765 822 832 hederaeque
834 765 947 832 ligantes

249 831 371 901 Brachia,
383 834 511 886 fraternos
524 834 634 901 plangat
645 851 680 886 ne
692 834 806 903 populus
817 834 886 886 ictus
900 852 906 890 ς
1047 833 1097 884 140

251 902 373 970 Ipsaeqne
386 902 518 954 excedunt
530 902 564 955 ad
576 920 679 956 summa
691 903 830 954 eacumina
841 903 928 969 lentae,

250 970 424 1040 Pinguntque
435 971 554 1025 aureolos
566 972 646 1024 viridi
658 972 757 1041 pallore
769 972 905 1040 corymbos
915 991 922 1036 ;

251 1039 331 1104 Queis
343 1042 435 1094 aderat
446 1041 541 1093 veteris
553 1047 657 1108 myrtus
669 1059 723 1094 non
735 1042 823 1094 nescia
835 1042 893 1095 fati.

250 1110 288 1164 Aa
299 1110 417 1163 volucres
429 1110 529 1178 patulis
541 1111 685 1163 residentes
697 1110 787 1163 dulcia
798 1111 878 1163 ramis

251 1178 374 1232 Carmina
385 1197 433 1248 per
445 1179 529 1232 varios
542 1179 625 1231 edunt
634 1181 785 1233 resonantia
796 1186 898 1232 cantus.

250 1245 302 1300 His
314 1249 419 1301 suberat
431 1248 524 1316 gelidis
536 1266 647 1300 manans
660 1266 674 1300 e
687 1249 804 1301 fontibus
816 1250 896 1315 unda,

251 1316 315 1382 Quae
327 1317 428 1370 levibus
440 1318 575 1387 placidum
587 1318 651 1370 rivis
663 1324 739 1370 sonat
751 1324 809 1370 orta
820 1318 949 1386 liquorem
959 1335 966 1380 ;

249 1385 294 1455 Et,
306 1404 458 1456 quanquam
470 1387 588 1454 geminas
600 1388 690 1441 arium
702 1405 754 1440 vox
764 1387 891 1455 obstrepit
904 1403 988 1452 aures,

250 1455 329 1509 Hanc
341 1457 458 1525 querulae
470 1457 590 1508 referunt
602 1473 685 1523 voces,
697 1457 771 1524 queis
783 1456 877 1508 nantia
889 1455 952 1506 limo

249 1525 363 1595 corpora
375 1525 485 1595 lympha
496 1525 576 1578 fovet.
613 1523 721 1578 Sonitus
733 1526 782 1577 alit
794 1525 863 1578 aeris
877 1524 957 1591 Echo,
1047 1526 1098 1576 150

249 1595 359 1663 Argutis
372 1600 398 1647 et
411 1600 508 1647 cuncta
520 1595 638 1646 fremunt
650 1595 742 1647 ardore
755 1594 859 1648 cicadis.

249 1667 286 1717 At
299 1664 368 1716 circa
379 1664 477 1732 passim
489 1663 563 1714 fessae
576 1664 690 1716 cubuere
703 1664 819 1732 capellae,

249 1733 419 1801 Excelsisque
432 1750 510 1801 super
522 1733 617 1800 dumis,
630 1750 694 1801 quos
707 1733 802 1786 leniter
813 1732 905 1786 afflans

250 1801 324 1855 Aura
336 1802 495 1854 susurrantis
508 1803 590 1870 possit
603 1803 763 1855 confundere
775 1803 856 1857 venti.

285 1871 385 1939 Pastor,
397 1878 429 1924 ut
441 1871 475 1923 ad
486 1872 588 1923 fontem
600 1872 681 1924 densa
693 1873 822 1940 requievit
834 1873 863 1923 in
875 1871 977 1938 umbra,

248 1939 346 1993 Mitem
358 1941 479 2008 concepit
491 1942 623 2009 projectus
632 1940 750 1993 membra
762 1959 789 1993 so
809 1958 887 2006 orem,

248 2009 354 2063 Anxius
366 2010 469 2062 insidiis
481 2009 579 2062 nullis:
598 2009 643 2061 scd
655 2009 744 2061 lentus
756 2010 785 2061 in
817 2009 885 2062 erbis

248 2078 345 2132 Securo
357 2096 457 2147 pressos
470 2096 560 2131 somno
572 2079 745 2131 mandaverat
756 2085 846 2131 artus:
949 2141 952 2147 ¹

248 2147 354 2201 Stratus
366 2148 442 2199 humi
454 2147 559 2199 dulcem
572 2147 693 2216 capiebat
705 2148 781 2200 corde
793 2148 927 2216 quietem:

248 2216 285 2269 Ni
296 2217 350 2269 fors
361 2217 474 2270 incertos
484 2217 605 2284 jussisset
618 2216 713 2269 ducere
725 2234 809 2269 casus.
1046 2216 1098 2267 160

248 2286 318 2339 Nam
331 2287 438 2338 solitum
450 2285 557 2339 volvens
571 2285 605 2338 ad
617 2291 722 2355 tempus
734 2285 863 2339 tractibus
874 2284 958 2337 isdem

249 2356 377 2408 Immanis
390 2355 462 2407 vario
474 2354 624 2406 maculatus
637 2372 743 2424 corpore
755 2372 867 2424 serpens,

248 2424 352 2477 Mersus
364 2425 436 2476 utin
448 2424 511 2476 limo
523 2440 619 2490 magno
633 2425 779 2476 subsideret
791 2430 857 2476 aestu

249 2492 333 2547 Obvia
345 2493 461 2546 vibranti
473 2510 582 2561 carpens
594 2493 682 2560 gravis
695 2495 757 2546 aera
769 2493 870 2561 lingua,

248 2562 405 2630 squamosos
417 2562 471 2615 late
482 2562 622 2629 torquebat
634 2563 749 2615 motibus
762 2562 842 2614 orbes.

248 2631 388 2684 Tollebant
401 2649 470 2684 aurae
483 2632 614 2684 venientis
626 2631 660 2684 ad
673 2632 761 2684 omnia
773 2632 851 2683 visus.

248 2702 268 2754 J
269 2718 312 2752 am
324 2701 409 2768 magis
421 2707 501 2768 atque
512 2700 598 2767 magis
610 2717 704 2770 corpus
715 2699 861 2752 revolubile
872 2699 986 2751 misens

246 2769 357 2820 Attollit
366 2769 460 2821 nitidis
469 2774 566 2838 pectus
579 2769 744 2841 irdgoribus,
755 2777 786 2825 et
797 2787 828 2823 se

235 2835 354 2886 Sublimi
364 2838 468 2890 cervice
479 2840 557 2911 repit
567 2861 577 2909 ;
596 2843 647 2898 cui
660 2845 751 2900 erista
761 2855 891 2910 superne
