2700 3242
278 303 332 354 206
512 299 541 354 P.
554 300 709 354 VIRCILII
727 300 890 355 Mauorus

280 401 396 454 Discolor
408 401 478 454 unde
490 402 548 454 auri
561 419 607 470 per
619 419 705 454 ramos
717 418 782 454 aure
792 403 905 455 refirlsit.

279 471 362 534 erale
374 471 439 523 solet
452 471 524 524 silvis
536 471 649 523 brumali
660 471 758 538 frigore
769 472 871 524 viscum

280 540 380 593 Fronde
392 541 475 593 virere
486 558 562 606 nova,
575 540 644 608 quod
656 558 709 592 non
722 558 770 592 sua
782 541 894 593 seminat
905 541 989 609 arbos,

278 610 313 661 Et
325 626 414 661 croceo
425 610 484 661 fetu
496 615 591 662 teretes
604 609 766 661 circumdare
777 615 900 663 truncos:

278 677 347 730 'Palis
360 685 416 730 erat
429 679 526 747 species
538 678 597 731 auri
608 678 755 730 frondentis
768 696 850 746 opaca

278 747 359 811 Ilice;
378 748 415 800 sic
427 747 481 800 leni
493 747 638 815 crepitabat
650 747 756 799 bractea
768 753 853 800 vento.

279 817 390 885 Corripit
402 817 497 868 AEneae
510 817 650 884 extemplo,
662 816 807 888 avidusque
819 817 941 884 refringit
1072 823 1124 872 210

277 885 459 952 Crmctantem,
472 892 499 937 et
511 886 580 939 vatis
592 891 681 952 portat
693 885 742 937 sub
754 892 825 938 tecta
837 886 951 953 Sibyllae.

311 955 337 1006 N
338 972 366 1007 ec
377 955 465 1006 minus
476 954 577 1006 interea
589 954 723 1006 Misenum
735 955 764 1006 in
775 955 852 1007 litore
864 956 958 1008 Teucri

276 1019 396 1090 Flebant,
409 1029 436 1076 et
448 1024 529 1075 cineri
541 1024 645 1091 ingrato
658 1041 780 1092 suprema
790 1023 917 1078 ferebant.

276 1091 409 1161 Principio
420 1093 548 1161 pinguem
560 1093 637 1145 taedis
649 1097 676 1145 et
688 1093 778 1145 robore
790 1099 860 1146 secto

276 1162 418 1229 Ingentem
431 1169 549 1214 struxere
561 1179 652 1230 pyram
665 1180 671 1215 :
690 1162 733 1214 cui
745 1163 881 1215 frondibus
893 1163 958 1216 atris

275 1231 407 1284 Intexunt
419 1231 510 1299 latera,
523 1236 550 1284 et
561 1232 655 1284 ferales
667 1237 731 1284 ante
743 1249 877 1300 cupressos

276 1301 455 1369 Constituunt‚
468 1300 643 1369 decorantque
661 1318 739 1369 super
750 1301 915 1369 fulgentibus
927 1302 1016 1356 armis.

275 1368 340 1422 Pars
353 1370 450 1423 calidos
461 1370 553 1423 latices
565 1375 593 1422 et
604 1371 690 1422 ahena
701 1371 832 1423 undantia
843 1371 956 1423 flammis

274 1438 437 1508 Expediunt‚
450 1457 595 1508 corpusque
607 1440 699 1492 lavant
710 1440 833 1507 frigentis
845 1447 872 1492 et
883 1446 1027 1508 unguunt:

274 1507 320 1561 Fit
332 1510 453 1577 gemitus,
489 1510 557 1564 num
569 1509 687 1562 membra
699 1514 755 1561 toro
768 1509 864 1561 defleta
875 1520 1015 1578 reponunt,
1070 1514 1121 1564 Η)

275 1576 476 1646 Purpureusque
489 1595 566 1647 super
578 1585 669 1645 vestes,
683 1579 814 1631 velamina
825 1585 895 1646 nota,

275 1647 441 1715 Conjiciunt:
459 1665 519 1715 pars
531 1648 635 1715 ingenti
647 1648 749 1700 subiere
760 1649 863 1715 feretro,

274 1714 359 1768 Triste
370 1717 545 1771 ministerium
557 1737 563 1780 3
582 1724 609 1769 et
622 1717 767 1786 subjectam
778 1735 849 1769 more
862 1723 1003 1785 parentum

273 1786 367 1838 Aversi
379 1792 486 1838 tenuere
497 1786 588 1839 facem.
625 1787 754 1854 Congesta
766 1793 916 1838 cremantur

274 1853 379 1908 Thurea
391 1855 466 1921 dona,
479 1854 566 1923 dapeS,
577 1856 637 1908 fuso
650 1863 762 1908 crateres
774 1856 850 1908 olivo.

274 1922 417 1993 Postquam
430 1925 538 1992 collapsi
550 1926 657 1992 cineres,
671 1931 698 1977 et
710 1924 816 1977 flamma
829 1925 939 1992 quievit,

275 1992 409 2062 Reliquias
421 1995 482 2046 vino
495 2001 522 2046 et
534 1994 652 2047 bibulam
664 1996 751 2047 lavere
762 1994 882 2046 favillam
892 2013 899 2057 ;

273 2062 390 2131 Ossaque
402 2063 470 2116 lecta
483 2064 547 2116 cado
560 2065 629 2116 texit
642 2065 782 2131 Corynaeus
794 2063 885 2116 aheno.

274 2132 349 2184 Idem
362 2139 402 2185 ter
414 2134 494 2185 socios
506 2150 573 2201 pura
585 2132 750 2185 circumtulit
762 2133 841 2199 unda,

274 2201 404 2270 Spargens
416 2220 473 2255 rore
485 2203 537 2255 levi
549 2209 576 2254 et
588 2220 660 2255 ramo
672 2202 757 2254 felicis
769 2202 852 2268 olivae,
1068 2206 1120 2258 230

273 2269 461 2340 Lustravitque
473 2273 548 2338 viros,
562 2272 684 2340 dixitque
695 2271 837 2323 novissima
849 2271 935 2324 verba.

272 2340 310 2391 At
322 2341 381 2408 pius
394 2341 490 2394 AEneas
502 2342 605 2409 ingenti
616 2341 685 2392 mole
698 2341 847 2408 sepulcrum

274 2408 397 2477 Imponit‚
411 2428 511 2478 suaque
523 2428 597 2463 arma
608 2411 671 2476 viro,
684 2427 837 2477 remumque
849 2409 1001 2478 tubamque,

272 2477 364 2531 Monte
377 2479 425 2531 sub
437 2480 525 2543 aerio;
544 2480 590 2547 qui
603 2496 674 2531 nunc
687 2479 804 2530 Misenus
816 2479 850 2532 ab
862 2479 908 2531 illo

271 2546 384 2616 Dicitur,
398 2554 577 2617 aeternumque
589 2555 663 2602 tenet
674 2566 722 2616 per
734 2548 829 2601 saecula
840 2566 943 2600 nomen.

307 2618 357 2668 His
369 2618 435 2670 actis
447 2636 555 2686 propere
568 2619 721 2686 exsequitur
733 2624 864 2686 praeopta
876 2617 990 2686 Sibyllae.

270 2684 403 2754 Spelunca
414 2687 470 2740 alta
481 2688 542 2755 fuit,
555 2693 682 2756 vastoque
694 2687 816 2739 immanis
828 2688 912 2753 hiatu,

252 2755 382 2828 Scrupea,
400 2763 460 2814 tuta
472 2758 536 2816 lacu
549 2759 628 2832 nigro
640 2773 830 2827 nemorumque
839 2755 970 2810 tenebris:

242 2825 334 2890 Ouum
345 2848 435 2905 super
444 2833 526 2892 haud
540 2834 609 2893 ullae
620 2835 753 2909 poterant
763 2829 876 2900 impune
883 2825 1004 2880 uoluntas
