2700 3242
281 320 332 371 292
544 316 710 371 AENEIDOS
728 316 795 371 IsIB.
814 314 860 371 IX

282 418 357 470 Unus
369 418 454 485 homo,
466 422 494 470 et
505 419 606 486 vestris,
618 435 633 470 0
645 418 722 485 cives,
734 418 854 486 undique
866 423 956 486 septus

280 489 304 540 A
324 488 436 556 geribus,
449 493 538 540 tantas
550 494 650 555 strages
661 488 770 555 impune
782 505 829 556 per
841 486 933 539 urbem

280 506 421 609 Efficeritt
435 558 566 625 juvenum
578 557 675 625 primos
688 563 728 608 tot
740 557 841 609 miserit
853 556 939 609 Orcoi

282 625 308 678 N
309 644 344 678 on
355 627 469 679 infelicis
481 627 582 694 patriae,
595 633 766 693 veterumque
779 627 894 690 deorum,

282 694 318 749 Et
329 695 420 764 magni
432 696 524 747 AEnese
537 712 627 763 segnes
639 696 797 762 miseretque
809 697 944 763 pudetque
953 693 980 748 '3⁹’

280 763 388 817 Talibus
400 765 502 817 accensi
514 765 662 830 firmentur,
675 770 702 816 et
714 764 819 831 agmine
832 765 911 816 denso

282 834 442 886 Consistunt.
478 834 582 886 Turnus
595 834 725 902 paulatim
737 834 861 886 excedere
874 850 971 901 pugne,

280 902 317 954 Et
329 903 440 955 fluvium
452 908 548 971 petere,
561 920 591 954 ac
604 910 707 971 partem
719 920 778 970 quse
790 903 907 970 cingitur
919 903 1024 955 amni‘.

281 972 375 1024 Acrius
388 972 436 1024 hoc
449 972 542 1024 'l'eucri
555 973 667 1024 clamore
680 971 831 1024 incumbere
842 989 946 1038 magno,

281 1040 317 1094 Et
329 1041 471 1109 glomerare
483 1058 608 1093 manum:
626 1058 675 1093 ceu
688 1058 787 1092 saevum
800 1041 878 1093 turba
890 1041 993 1093 leonem

281 1109 370 1174 Quum
382 1111 442 1162 telis
454 1111 550 1178 premit
562 1111 671 1162 infensis
682 1129 689 1174 ;
706 1111 855 1163 atterritus
868 1110 920 1177 ille,

281 1180 372 1249 Asper,
384 1179 477 1232 acerba
489 1185 574 1247 tuens,
587 1186 656 1232 retro
668 1180 738 1232 redit
749 1199 755 1242 ς
774 1186 800 1232 et
813 1197 899 1246 neque
911 1186 987 1248 terga

281 1248 326 1301 Ira
338 1249 400 1301 dare
411 1256 459 1301 aut
471 1249 556 1301 virtus
568 1250 677 1317 patitur,
690 1267 738 1301 nee
751 1250 859 1301 tendere
871 1256 969 1316 contra,

281 1317 331 1371 Ille
361 1318 451 1370 uidem
463 1318 511 1370 hoc
524 1319 640 1387 cupiens,
653 1318 722 1387 petis
734 1325 774 1370 est
786 1336 833 1386 per
845 1319 899 1370 tela
911 1319 1039 1388 virosque.

282 1336 363 1440 Hau}
375 1388 453 1440 aliter
464 1395 533 1440 retro
546 1387 642 1440 dubius
654 1388 767 1455 vestigia
778 1388 883 1440 Turnus

281 1456 462 1526 Improperata
473 1457 561 1524 refert,
574 1462 601 1508 et
613 1475 686 1509 mens
699 1464 829 1509 exaestuat
841 1458 887 1510 ira.

281 1526 352 1590 Quin
364 1528 444 1578 etiam
457 1526 495 1577 bis
507 1533 565 1578 tum
577 1527 676 1579 medios
688 1527 820 1582 invaserat
832 1527 936 1591 hestes3

281 1594 327 1647 Bis
340 1596 449 1648 confusa
460 1595 526 1663 fuga
538 1613 584 1664 per
595 1613 683 1648 muros
696 1596 803 1662 agmina
815 1596 902 1649 vertit.

280 1663 332 1716 Sed
344 1682 437 1716 manus
450 1682 464 1716 e
477 1665 567 1716 castris
580 1682 688 1733 propere
701 1665 753 1717 coit
766 1666 849 1716 omnis
861 1666 890 1717 in
901 1683 993 1718 unum

280 1733 336 1786 Nec
348 1741 439 1786 contra
452 1733 519 1786 vires
531 1734 612 1786 audet
624 1734 750 1787 Saturnia
761 1734 835 1787 June

280 1802 420 1867 Sufficerc;
438 1804 538 1856 adriam
551 1804 615 1855 eoelo
627 1821 690 1855 nam
703 1804 811 1871 Jupiter
824 1804 889 1855 Irim

279 1872 399 1939 Demisit,
412 1889 542 1940 germanae
555 1873 627 1925 haud
640 1873 730 1925 mollia
738 1875 813 1941 jussa
825 1874 970 1926 ferentem:

278 1941 315 1994 Ni
328 1942 432 1994 Turnus
444 1942 521 1994 cedat
533 1941 692 1994 Teucrorum
704 1942 834 1994 moenibus
846 1942 914 1996 altis.

278 2011 348 2079 Ergo
360 2029 409 2063 nec
422 2011 504 2080 clipeo
513 2012 620 2079 juvenis
631 2012 772 2067 subsistere
784 2018 897 2078 tantum,

278 2080 334 2133 Nec
347 2081 441 2133 dextra
453 2081 539 2133 valet:
557 2081 662 2149 injectis
675 2081 712 2132 sic
724 2082 842 2149 undique
854 2081 915 2133 telis

279 2150 413 2203 Obruitur.
449 2149 549 2218 Strepit
561 2151 665 2202 assiduo
678 2167 743 2202 cava
755 2157 873 2219 tempora
885 2150 985 2203 circum

279 2220 391 2271 Tinnitu
403 2220 486 2286 galea,
499 2226 526 2271 et
538 2221 608 2271 saxis
621 2220 705 2272 solida
717 2237 769 2271 aera
781 2221 926 2285 fatiscunt;

278 2289 460 2356 Discussasque
469 2289 541 2357 jubae
555 2289 636 2357 capiti
647 2309 653 2352 ;
672 2307 720 2341 nec
733 2290 829 2341 sufficit
841 2289 920 2341 umbo

278 2358 398 2422 Ictibus;
416 2359 582 2425 ingeminant
594 2359 677 2411 hastis
690 2364 717 2410 et
729 2359 808 2412 Tro'cs
821 2365 847 2411 et
859 2360 915 2427 ipse

277 2427 431 2480 Fulmineus
444 2428 605 2481 Mnestheus.
641 2428 709 2479 'Pum
721 2435 777 2480 teto
789 2446 895 2497 corpore
908 2427 988 2481 sudor

277 2496 407 2565 liquitur,
421 2504 447 2549 et
460 2498 647 2566 piceum-nec
659 2498 787 2566 respirare
799 2505 951 2566 potestas-

277 2565 391 2618 Flumen
403 2567 477 2633 agit;
496 2568 575 2619 fessos
589 2568 676 2634 quatit
688 2585 749 2619 acer
758 2573 793 2603 ¹*
810 2568 941 2619 anhelitus
953 2573 1035 2621 artus

273 2634 342 2688 Tum
355 2636 463 2689 demum
476 2653 589 2706 praeceps
602 2637 671 2688 saltu
684 2655 739 2689 sese
751 2638 871 2690 omnibus
883 2637 963 2690 armis

259 2705 296 2761 In
311 2709 431 2764 fluvium
444 2709 529 2764 dedit.
566 2707 618 2762 me
630 2724 676 2760 sue
689 2724 751 2759 eum
760 2707 863 2774 gurgite
875 2707 943 2758 flavo

248 2777 376 2855 Accepit
392 2785 566 2852 venientem,
579 2799 612 2836 ae
622 2777 753 2834 medicus
764 2775 969 2835 estxmtundw,

236 2848 283 2909 Et
296 2856 407 2914 Iaetum
421 2858 511 2916 sociis
523 2855 628 2914 abluta
641 2849 716 2906 crede
727 2846 843 2900 remisit.
878 2935 898 2962 a

511 2962 522 2989 ⁹
537 2955 607 3002 unda
833 2935 863 2959 ⁰
898 2937 934 2974 Ν
