2700 3242
508 335 691 392 Bucomou
726 336 798 391 11th
817 336 858 392 11.
1097 340 1114 391 3

287 435 348 489 Tm.
367 435 438 488 Ante
449 434 520 489 leves
532 453 592 504 ergo
604 439 746 504 pascentur
756 434 786 488 in
798 436 896 488 aethere
908 435 985 503 cervi,
1079 439 1113 488 60

265 505 300 557 Et
312 507 383 557 freta
394 505 544 558 destituent
552 505 641 557 nudos·
648 505 678 556 in
689 505 765 557 litore
776 505 860 575 pisces
871 525 879 573 ς

227 623 229 626 ,
264 575 345 641 Ante,
358 575 498 643 pererratis
509 573 646 626 amborum
658 574 763 641 finibus,
776 574 852 626 exsul

264 644 322 695 Aut
335 644 441 695 Ararim
453 643 568 695 Parthus
579 642 660 710 bibet,
673 647 722 694 aut
734 643 873 695 Germania
885 643 994 711 Tigrim,

265 713 353 776 Quam
364 718 453 764 nostro
465 712 537 763 illius
550 711 655 764 labatur
666 717 770 780 pectore
782 712 880 765 vultus

289 781 363 834 Mun.
381 782 418 833 At
430 797 476 833 nos
488 781 551 832 hinc
563 781 610 832 alii
621 780 741 832 sitientes
752 780 849 833 ibimus
861 782 946 849 Afros,

264 849 331 902 Pars
344 849 480 918 Scythiam
492 856 519 902 et
530 849 653 917 rapidum
666 849 750 902 Cretas
762 851 897 903 veniemus
910 851 1016 918 Oaxem,

264 919 301 970 Et
314 919 421 987 penitus
433 924 490 972 toto
501 919 597 971 divisos
609 919 670 970 orbe
682 919 829 972 Britannos
944 969 948 974 .

264 987 307 1040 En
319 1005 437 1056 unquam
448 988 546 1056 patrios
558 987 636 1054 longo
648 994 707 1056 post
720 993 835 1056 ternpore
847 989 918 1056 fines,

265 1055 394 1125 Pauperis
406 1061 433 1109 et
445 1057 538 1124 tuguri
551 1064 705 1124 congestum
717 1058 815 1126 cespite
827 1059 939 1126 culmen,

265 1124 329 1179 Post
341 1126 450 1194 aliquot,
461 1143 521 1178 mea
532 1142 615 1191 regna
634 1125 733 1194 videns,
745 1127 859 1179 mirabor
870 1128 981 1182 aristas?
1080 1128 1114 1182 70

265 1194 308 1246 Im
327 1194 369 1246 ius
381 1195 438 1247 haec
450 1201 506 1247 tam
519 1195 591 1247 culta
602 1195 708 1247 novalia
716 1195 791 1247 miles
803 1196 927 1249 habebitl

264 1212 398 1316 Barlrarus
409 1264 457 1316 has
469 1263 585 1330 segetesl
604 1280 644 1329 en,
657 1281 709 1331 quo
721 1265 850 1317 discordia
862 1266 931 1318 cives

265 1331 397 1384 Produxit
408 1333 526 1384 miseros!
545 1349 585 1399 en,
598 1333 672 1400 queis
685 1334 848 1385 consevimus
860 1339 952 1400 agros!

265 1401 356 1453 Insere
367 1418 445 1467 nunc,
459 1401 587 1468 Meliboee,
600 1402 678 1469 piros,
690 1418 758 1470 pone
770 1402 860 1454 ordine
872 1404 956 1456 vites:

265 1469 309 1522 Ite
321 1487 393 1538 meso,
405 1471 471 1522 felix
483 1471 616 1539 quondam
627 1487 715 1538 pecus,
727 1470 765 1523 ite
777 1471 892 1540 capellae.

265 1537 326 1591 Non
338 1556 386 1607 ego
398 1557 443 1592 vos
489 1540 572 1607 sthur,
584 1539 662 1591 viridi
675 1541 806 1608 projectus
819 1540 847 1592 in
860 1548 943 1609 antro,

265 1607 383 1660 Dumosa
393 1626 444 1678 pen
463 1626 505 1662 ore
517 1609 608 1678 procul
620 1609 653 1660 de
664 1627 731 1677 rupe
742 1609 835 1662 videbo
844 1629 852 1674 ;

266 1676 388 1730 Carmina
399 1678 473 1730 nulla
485 1695 578 1730 canam
585 1697 593 1741 ;
610 1694 671 1745 non,
683 1695 726 1730 me
738 1685 868 1747 pascente,
881 1681 995 1749 capellae,

266 1745 416 1799 Florentem
427 1748 542 1815 cytisum
553 1754 581 1799 et
593 1746 684 1799 salices
696 1748 809 1816 carpetis
820 1765 929 1802 amaras.

282 1815 686 1870 ll1r.Hictamenhancmecum
727 1822 795 1868 teras
803 1819 1070 1886 requiescerenoctem
1079 1824 1112 1874 80

265 1882 369 1937 Fronde
381 1903 458 1955 super
469 1886 562 1949 viridi3
581 1891 690 1938 suntne
708 1887 730 1938 is
741 1887 818 1938 mitia
830 1905 915 1955 poma,

265 1953 401 2007 castaneae
412 1955 511 2022 molles,
521 1961 548 2007 et
559 1955 642 2024 pressi
654 1955 729 2023 copia
742 1955 834 2018 lactis3

265 2020 300 2076 Et
309 2025 367 2091 jam
379 2041 481 2077 summa
491 2024 582 2093 procul
595 2023 719 2076 villarum
731 2025 848 2077 culmina
859 2026 971 2093 fumant,

265 2090 430 2162 Majoresque
442 2093 541 2146 cadunt
553 2092 614 2145 altis
626 2093 659 2144 de
671 2093 805 2144 montibus
817 2094 923 2148 umbrae.

507 2211 644 2265 ECLOGA
663 2212 700 2266 II.
735 2212 871 2266 ALEXIS.

264 2295 419 2351 Fennosuu
432 2302 520 2366 pastor
532 2298 652 2366 Corydon
664 2298 773 2351 ardebat
785 2299 891 2364 Alexin,

264 2364 380 2418 Delicias
392 2366 509 2432 domini3
526 2384 582 2434 nec,
595 2367 659 2436 quid
672 2373 795 2436 speraret,
808 2367 930 2419 habebat.

263 2434 382 2487 Tantum
393 2436 462 2488 inter
474 2436 574 2502 densas,
586 2436 707 2489 umbrosa
719 2436 864 2501 cacumina,
876 2436 950 2503 fagos

263 2503 377 2556 Assidue
389 2505 517 2559 veniebat.
543 2505 584 2559 Ibi
596 2506 652 2557 haec
664 2505 801 2557 incondita
813 2505 882 2556 solus

220 2634 223 2639 Ι
263 2572 402 2625 Montibus
414 2580 441 2626 et
453 2575 526 2628 silvis
538 2575 625 2628 studio
634 2574 754 2642 jactabat
766 2574 855 2625 inani:

298 2642 344 2695 “0
357 2643 468 2696 crudelis
480 2644 565 2711 Alexi,
577 2645 645 2696 nihil
658 2660 717 2694 mea
730 2643 846 2694 camrina
859 2639 954 2693 curasl

263 2711 311 2765 Nil
323 2714 407 2765 nostri
417 2714 537 2766 miserere
548 2713 557 2766 l
575 2713 643 2766 Mori
656 2730 699 2767 me
712 2712 827 2786 denique
840 2729 927 2784 coges.

259 2781 340 2831 Nunc
350 2783 427 2860 atram
435 2783 553 2863 pecudes
566 2786 675 2843 umbras
690 2795 719 2846 et
731 2789 837 2864 frigora
849 2794 988 2866 captaut3

246 2846 327 2894 Nunc
339 2849 433 2900 rrrrdes
443 2858 526 2907 cuam
542 2861 690 2922 occultant
704 2866 819 2942 spineta
829 2867 960 2927 lacertos
965 2884 978 2936 ¹,
