2700 3242
504 292 670 346 AENEIDOS
689 292 755 346 LIB.
772 293 819 346 XI.

243 395 383 450 Gmmineo
395 395 493 447 donum
506 395 600 449 'Priviae
613 395 645 447 de
658 395 756 463 cespite
768 395 849 448 vellit.

242 465 303 519 Non
314 465 391 517 illum
403 465 480 517 tectis
492 465 560 531 ullae,
572 482 625 516 non
637 464 766 516 moenibus
778 464 855 515 urbes

230 534 381 603 ‚Accepere²
393 551 478 602 neque
489 534 545 603 ipse
557 551 651 586 manus
662 534 769 585 feritate
781 534 894 585 dedisset
906 552 913 598 ς

243 602 383 656 Pastorum
395 610 422 656 et
434 603 494 655 solis
507 603 596 670 exegit
608 602 742 654 montibus
754 619 846 654 aevum.

243 672 297 725 Hie
309 679 401 725 natam
412 672 441 724 in
453 671 540 724 dumis
551 673 671 739 interque
684 672 818 723 horrentia
830 672 914 723 lustra

242 741 404 794 Ameutalis
416 758 490 808 equae
502 741 623 793 mammis
636 747 663 793 et
674 741 744 793 lacte
756 741 839 792 ferino

243 811 378 879 Nutribaq
391 811 488 862 toneris
500 810 658 877 immulgens
670 809 751 862 ubera
763 809 849 862 labris.

243 880 334 949 thue
345 881 442 949 pedum
454 880 546 947 primis
557 879 646 930 infans
658 879 769 946 vestigia
781 879 880 946 plantis

244 949 390 1016 Institerat‚
399 949 488 1017 jaculo
501 948 602 1017 palmas
614 948 732 1000 oneravit
741 960 755 989 θ
768 957 853 1012 acuto,

243 1017 402 1087 Spiculaque
414 1035 448 1070 ex
460 1017 569 1069 humero
581 1034 668 1085 parvae
681 1018 818 1085 suspendit
830 1024 857 1070 et
869 1034 966 1070 arcum

243 1087 295 1140 Pro
308 1088 402 1140 crinaii
414 1104 485 1154 auro,
498 1104 544 1155 pro
557 1085 641 1154 longae
654 1088 770 1154 tegmine
781 1087 866 1154 pallae,

244 1157 358 1225 Tigridis
371 1157 473 1209 exuriae
485 1174 531 1225 per
543 1156 648 1207 dorsum
660 1173 676 1208 a
688 1156 786 1207 vertice
798 1156 921 1224 pendent.

245 1225 310 1278 Tela
321 1243 403 1278 manu
411 1227 468 1294 jam
481 1231 539 1277 tum
551 1230 642 1277 tenera
653 1224 766 1292 puerilia
778 1225 861 1290 torsit,

243 1293 280 1348 Et
292 1294 403 1347 fundam
415 1294 493 1346 tereti
505 1294 605 1346 circum
616 1300 698 1362 eaput
710 1293 765 1360 egit
776 1292 886 1358 habena,

244 1363 474 1432 Strymoniamque
486 1380 585 1431 gruem,
597 1369 645 1415 aut
657 1363 748 1415 album
759 1361 855 1428 dejecit
866 1362 969 1414 olorem.
1034 1365 1086 1413 580

243 1432 339 1486 Multae
351 1433 425 1485 illam
436 1433 535 1484 frustra
547 1432 683 1500 Tyrrhena
694 1448 740 1500 per
752 1430 848 1498 oppida
859 1436 956 1483 matres

245 1501 375 1570 Optavere
386 1519 500 1554 nurum:
519 1501 573 1554 sola
585 1506 710 1553 contenta
720 1500 815 1566 Diana,

243 1571 384 1624 AEtemum
396 1570 509 1623 telorum
521 1576 548 1622 et
560 1569 722 1636 virginitatis
734 1586 848 1621 amorem

244 1640 407 1694 Intemerata
420 1640 489 1692 colit.
526 1639 654 1692 “Vellem
666 1639 738 1692 haud
751 1644 869 1706 correpta
881 1637 974 1688 fuisset

244 1709 345 1762 Militia
357 1709 413 1776 tali,
426 1714 520 1761 conata
531 1708 655 1760 laoessere
668 1708 779 1760 'i'eueros
791 1727 798 1772 3

244 1779 311 1831 Cara
323 1779 389 1830 mihi
401 1778 579 1846 comitumque
593 1777 660 1829 foret
672 1795 744 1830 nunc
756 1795 811 1829 una
822 1795 947 1831 mearum.

245 1849 344 1901 Verum
356 1864 412 1914 age,
425 1846 638 1915 quandoquidem
649 1847 713 1898 fatis
725 1854 835 1914 urgetur
846 1847 953 1915 acerbis,

244 1917 350 1982 Iabere,
363 1915 495 1983 Nympha,
508 1916 575 1984 polo,
587 1915 705 1982 finesque
716 1917 800 1968 invise
812 1917 927 1983 Latinos,

243 1986 338 2039 Tristis
349 1985 396 2036 ubi
407 1982 524 2037 infausto
536 1985 711 2037 committitur
722 1985 808 2037 omine
820 2003 917 2053 pugna.

244 2055 310 2108 Haec
323 2071 394 2123 capo,
406 2058 433 2106 et
445 2054 568 2106 ultricem
579 2054 704 2122 pharetra
716 2054 837 2122 deprome
849 2055 974 2121 sagittam
987 2071 993 2107 :
1035 2056 1087 2105 590

244 2124 312 2191 Hae,
325 2124 483 2192 quicumque
496 2140 599 2175 sacrum
611 2123 716 2176 violarit
728 2123 836 2174 vulnere
848 2140 949 2190 eorpus,

244 2193 308 2246 Tros
320 2193 445 2259 Italum,
456 2193 523 2244 mihi
536 2193 634 2260 pariter
646 2193 692 2244 det
704 2193 831 2258 sanguine
844 2209 940 2259 poenas,

244 2262 309 2315 Post
321 2279 368 2330 ego
380 2261 450 2314 nube
463 2279 527 2315 cava
538 2261 695 2314 miserandae
707 2278 800 2328 eorpus
813 2267 840 2312 et
851 2277 925 2312 arma

245 2330 393 2400 Inspoiiata
404 2331 488 2384 feram
500 2331 611 2396 tumulo,
623 2331 767 2398 patriaeque
779 2331 923 2398 reponam'’

244 2399 338 2453 Dixit:
357 2406 386 2452 at
397 2399 445 2452 illa
456 2401 526 2452 leves
538 2400 597 2452 eoeli
609 2399 716 2467 delapsa
727 2416 774 2467 per
786 2416 863 2450 auras

245 2469 375 2536 Intonuit,
387 2469 463 2536 nigro
476 2469 639 2521 cireumdata
651 2468 757 2521 turbine
769 2485 869 2536 eorpus.

280 2539 317 2591 At
329 2555 423 2590 manus
435 2539 536 2590 interea
547 2538 630 2590 muris
642 2539 755 2606 Trojana
766 2537 933 2605 propinquat,

245 2607 403 2675 Etmseique
415 2608 502 2674 duces,
515 2608 686 2675 equitumque
698 2607 829 2659 exercitus
841 2607 932 2672 omnis,

246 2677 309 2730 Com
328 2677 388 2729 ositi
400 2694 508 2729 numero
520 2677 549 2728 in
561 2683 668 2729 turmas.
705 2675 805 2727 Fremit
817 2693 918 2742 aequore
930 2683 985 2729 toto

247 2694 385 2799 Insuhans
397 2747 506 2815 sonipes,
519 2752 546 2798 et
558 2746 651 2815 pressis
664 2753 767 2816 pugnat
779 2745 891 2797 habenis
1044 2749 1102 2791 Q

247 2815 311 2869 Huc
323 2814 443 2868 obversus
455 2821 482 2868 et
493 2815 565 2884 hue;
583 2821 645 2871 tum
655 2816 715 2872 iate
724 2813 936 2872 terreushast'xs

609 2908 622 2934 ⁰
639 2906 738 2949 armavit
