2700 3242
505 309 671 364 AENEIDOS
690 310 756 364 LIB.
775 311 853 366 VIII.
1051 318 1101 369 25³

251 413 419 482 conjunxere
430 412 488 480 tibi,
500 418 529 465 et
540 413 603 466 fatis
615 429 692 480 egere
704 412 843 465 volentem.

250 481 401 549 Dardanus,
414 481 504 534 Iliaca
516 482 616 550 primus
627 486 705 550 pater
716 481 789 533 urbis
801 488 830 534 et
841 485 941 550 auctor,

250 551 367 618 Electra,
380 557 411 602 ut
424 551 497 603 Graii
508 551 656 620 perhibent,
668 551 808 604 Atlantide
820 556 915 617 cretus,

254 621 402 672 Adrehitur
413 619 525 672 Teucros
535 638 542 684 3
560 620 695 672 Electram
706 621 839 672 maximus
851 619 927 672 Atlas

251 688 352 755 Edidit,
366 689 486 741 aetherios
498 689 607 742 humero
619 689 666 758 qui
678 690 791 741 sustinet
802 689 884 741 orbes.

251 757 334 811 Vobis
346 757 493 810 Mercurius
505 762 581 826 pater
592 764 640 824 est,
654 775 732 826 quem
744 758 857 810 candida
868 757 943 810 Maia

251 826 369 894 Cyllenae
381 827 468 895 gelido
481 833 637 895 conceptum
649 828 746 879 vertice
758 827 829 878 fudit
839 845 846 889 ;

250 897 288 948 At
299 896 409 962 Maiam,
422 895 519 948 auditis
532 897 554 948 si
566 896 709 965 quidquam
722 896 858 962 credimus,
871 895 954 964 Atlas,
1051 901 1100 948 140

250 963 328 1017 Idem
341 965 416 1017 Atlas
427 970 544 1032 generat,
556 965 616 1017 coeli
628 965 674 1032 qui
686 965 772 1017 sidera
784 965 863 1018 tollit.

250 1033 294 1086 Sic
307 1051 392 1101 genus
404 1034 540 1086 amborum
552 1034 649 1086 scindit
661 1051 688 1085 se
701 1034 828 1101 sanguine
840 1034 874 1086 ab
887 1051 946 1087 uno.

251 1102 302 1155 His
315 1104 405 1170 fretus,
418 1121 471 1156 non
482 1104 590 1171 legatos,
603 1121 688 1171 neque
700 1103 786 1171 prima
798 1120 844 1170 per
855 1109 941 1155 artem

249 1171 428 1225 'lentamenta
439 1172 480 1224 tui
492 1172 598 1241 pepigi:
615 1189 666 1238 me,
677 1189 720 1223 me
732 1172 795 1240 ipse,
807 1189 946 1240 meumque

250 1241 343 1309 Objeci
355 1247 443 1309 caput,
456 1247 483 1294 et
495 1242 607 1309 supplex
619 1241 653 1293 ad
665 1240 760 1292 limina
771 1240 838 1293 veni.

250 1310 321 1363 Gens
334 1311 434 1378 eadem,
446 1327 504 1379 qua
517 1316 551 1376 te,
564 1310 665 1362 crudeli
677 1310 785 1362 Daunia
796 1309 865 1362 bello

249 1378 406 1448 Insequitur
417 1398 424 1442 ;
442 1396 489 1431 nos
502 1380 525 1432 si
536 1380 646 1447 pellant,
658 1379 727 1430 nihil
740 1379 811 1432 afore
824 1379 943 1446 credunt,

251 1448 323 1512 Quin
336 1465 441 1500 omnem
454 1449 609 1516 Hesperiam
621 1449 729 1516 penitus
741 1465 789 1500 sua
801 1448 849 1499 sub
857 1449 925 1515 juga
936 1450 1055 1518 mittant,

248 1516 286 1570 Et
298 1534 380 1584 mare,
393 1517 462 1585 quod
474 1535 559 1585 supra,
572 1522 688 1584 teneant,
701 1518 822 1584 quodque
833 1517 912 1569 alluit
923 1517 1000 1571 inira.

248 1587 357 1655 Accipe,
370 1587 455 1654 daque
467 1586 553 1639 fidem.
589 1586 658 1639 Sunt
670 1587 745 1638 nobis
756 1585 836 1637 fortia
847 1585 916 1637 bello
1048 1593 1098 1640 150

249 1655 371 1722 Pectora,
384 1661 446 1707 sunt
458 1655 548 1722 animi,
561 1661 588 1707 et
599 1656 676 1708 rebus
689 1661 808 1724 spectata
816 1654 967 1721 juventus.”

285 1725 400 1776 Dixerat
411 1724 515 1777 AEneas.
551 1724 600 1775 Ille
613 1741 648 1792 os,
660 1725 798 1792 oculosque
810 1724 946 1791 loquentes

248 1793 270 1846 J
270 1793 426 1860 amdudum,
438 1800 466 1846 et
478 1799 565 1845 totuin
576 1793 708 1846 lustrabat
720 1794 821 1845 lumine
833 1810 933 1860 corpus.

248 1862 321 1915 Tum
333 1861 371 1914 sic
382 1878 467 1930 pauca
478 1863 575 1915 refert:
593 1862 653 1913 “Ut
664 1867 699 1926 te,
712 1862 853 1914 fortissime
865 1862 1004 1926 Teucrum,

248 1930 361 1999 Accipio
372 1947 536 1998 agnoscoque
548 1930 632 1983 libens
643 1933 648 1983 !
669 1937 700 1984 ut
711 1931 792 1984 rerba
803 1933 927 1999 parentis,

247 2000 287 2052 Et
299 2017 390 2053 rocem
402 2001 525 2052 Anchisae
537 2001 628 2068 magni
639 2001 797 2068 vultumque
808 1999 946 2052 recordor!

247 2070 321 2122 Nam
333 2070 443 2121 memini
455 2069 578 2122 Hesiona
591 2070 720 2122 visentem
731 2086 813 2136 regna
826 2069 918 2120 sororis

248 2137 492 2191 Laomedontiaden
503 2139 646 2205 Priamum,
659 2139 794 2190 Salamina
806 2143 949 2206 petentem,

248 2206 382 2258 Protenus
394 2208 512 2260 Arcadia
525 2207 624 2275 gelidos
636 2208 749 2260 invisere
761 2208 833 2260 fines.

248 2275 321 2327 Tum
332 2275 399 2328 mihi
411 2277 496 2345 prima
508 2294 588 2344 genas
600 2277 715 2329 vestibat
726 2277 789 2328 flore
797 2279 927 2343 juventa:
1047 2279 1094 2328 liid-

249 2344 421 2413 Mirabarqne
433 2347 512 2398 duces
524 2347 642 2413 Teucros,
654 2346 770 2398 mirabar
782 2353 809 2396 et
821 2346 907 2413 ipsum

249 2413 491 2467 Laomedontiaden
501 2434 509 2479 ;
528 2416 572 2467 sed
585 2417 687 2467 cunctis
699 2416 778 2467 altior
789 2414 845 2466 ibat

250 2483 386 2536 Anchises.
422 2485 491 2536 Mihi
503 2502 576 2536 mens
585 2485 707 2552 juvenali
719 2484 828 2536 ardebat
841 2501 928 2536 amore

250 2552 414 2620 Compellare
426 2555 520 2619 virum,
533 2559 561 2606 et
573 2555 672 2606 dextrae
686 2556 843 2622 conjungere
855 2552 994 2606 dextram:

249 2621 365 2688 Accessi,
378 2628 405 2674 et
417 2624 529 2692 cupidus
542 2623 641 2675 Phenei
656 2624 704 2675 sub
716 2623 813 2674 moenia
825 2623 898 2674 duxi.

250 2690 303 2742 Ille
314 2691 380 2742 mihi
392 2693 523 2760 insignem
537 2693 686 2760 pharetram
700 2692 845 2759 Lyciasque
857 2691 968 2757 sagittas

250 2759 394 2812 Discedens
407 2761 624 2832 chlamydemque
637 2779 703 2817 auro
716 2761 792 2816 dedit
802 2761 995 2827 intertextam,

246 2829 384 2894 Frenaque
395 2829 465 2897 lima,
478 2848 555 2886 mous
568 2851 629 2906 ‹quae
642 2854 720 2893 nunc
731 2835 829 2908 hahet,
838 2831 1055 2904 ameaffiailaa.
