2700 3242
502 277 671 333 AEnumos
689 278 756 332 LlB.
775 277 822 332 IV.
1035 279 1085 328 lte

239 382 372 450 Reginam
383 382 501 435 thalamo
513 385 685 433 cunctantem
697 380 731 432 ad
743 379 836 432 limina
848 379 926 448 primi

239 452 382 505 Poenorum
394 457 566 519 exspectant3
584 456 705 518 ostroque
716 449 827 516 insignis
840 455 867 500 et
878 467 942 501 auro

240 521 302 574 Stat
314 521 424 590 sonipes,
436 537 467 572 ac
479 521 554 572 frena
565 520 639 571 ferox
651 519 802 588 spumantia
813 518 923 572 mandit.

240 590 361 643 Tandem
372 589 545 659 progreditur,
557 606 654 656 magna
667 588 782 657 stipante
794 594 906 654 caterva,

241 658 376 711 Sidoniam
388 658 459 727 picto
472 658 638 726 chlamydem
650 657 813 709 circumdata
825 657 921 708 limbo:

241 728 290 779 Oui
302 729 426 797 pharetra
438 745 472 780 ex
484 744 555 794 auro,
568 727 651 778 crines
663 726 796 778 nodantur
809 726 837 777 in
849 743 951 780 aurum.

241 797 331 848 Aurea
343 814 503 865 purpuream
516 795 648 847 subnectit
659 795 742 846 fibula
754 801 869 848 restem:

240 865 297 918 Nec
309 883 363 918 non
375 870 403 917 et
414 865 524 932 Phrygii
537 865 643 916 comites
656 870 684 916 et
695 864 772 916 laetus
785 864 860 915 Iulus
1037 868 1084 915 140

242 934 383 987 Incedunt.
419 934 479 1003 Ipse
491 940 553 986 ante
565 934 629 987 alios
641 933 834 1002 pulcherrimus
847 950 938 985 omnes

243 1002 330 1056 Infert
343 1021 370 1056 se
383 1004 481 1057 socium
492 1003 596 1070 AEneas,
609 1009 690 1069 atque
702 1003 809 1069 agmina
817 1003 925 1069 jungit:

243 1072 336 1136 Qualis
348 1073 395 1124 ubi
406 1072 543 1124 hibernam
554 1071 663 1139 Lyciam
674 1071 827 1138 Xanthique
839 1071 940 1124 fluenta

242 1142 355 1208 Deserit,
368 1159 399 1194 ac
411 1141 508 1194 Delum
519 1147 666 1193 maternam
679 1141 770 1192 invisit
782 1140 883 1209 Apollo,

244 1209 432 1279 Instauratque
444 1211 542 1277 choros,
554 1211 686 1278 mixtique
698 1210 793 1261 altaria
805 1210 903 1261 circum

244 1280 385 1348 Cretesque
397 1280 565 1348 Dryopesque
577 1279 696 1330 fremunt
727 1278 824 1346 ictique
837 1279 997 1346 Agathyrsi:

244 1348 305 1418 Ipse
314 1350 387 1417 jugis
400 1349 498 1417 Cynthi
511 1349 640 1416 graditur,
651 1365 694 1399 mo
718 1349 777 1414 'que
789 1347 915 1399 fluentem

244 1417 349 1470 Fronde
361 1418 456 1486 premit
468 1419 568 1470 crinem
579 1417 689 1484 fingens,
702 1424 781 1484 atque
793 1417 913 1484 implicat
925 1434 988 1469 auro
1000 1436 1007 1479 余

244 1487 308 1540 'l'ela
321 1493 415 1540 sonant
426 1487 549 1540 humeris.
586 1487 667 1538 Haud
679 1487 724 1538 illo
738 1486 840 1552 segnior
852 1486 908 1538 ibat

244 1556 359 1620 AEneas余
377 1563 483 1608 tantum
495 1556 598 1624 egregio
611 1556 690 1608 decus
702 1555 785 1608 enitet
797 1572 847 1608 ore.
1040 1558 1088 1605 150

245 1626 390 1692 Postquam
402 1625 469 1677 altos
481 1631 590 1678 ventum
602 1625 631 1677 in
642 1631 744 1676 montes
757 1632 836 1692 atque
848 1624 921 1677 invia
931 1623 1023 1691 lustra,

245 1695 315 1747 Ecce
326 1697 395 1762 ferae,
408 1695 465 1747 saxi
477 1695 584 1762 dejecta
597 1694 702 1760 vertice,
715 1711 800 1762 eaprae

245 1763 390 1815 Decurrere
398 1764 471 1832 jugis
481 1783 488 1827 余
507 1765 560 1816 alia
572 1764 604 1815 de
616 1769 691 1831 parte
704 1769 824 1831 patentes

245 1833 442 1885 {transmittunt
454 1850 531 1885 cursu
544 1849 649 1900 campos
662 1838 741 1900 atque
754 1833 860 1899 agmina
873 1832 942 1883 cervi

246 1901 437 1954 Pulverulenta
448 1902 513 1969 fuga
525 1902 681 1970 glomerant,
692 1908 846 1970 montesque
858 1902 1020 1969 relinquunt.

246 1972 284 2024 At
297 1988 363 2039 puer
373 1971 501 2023 Ascanius
513 1971 606 2023 mediis
618 1971 647 2023 in
659 1970 773 2022 vallibus
784 1971 840 2022 acri

247 2041 353 2093 Gaudet
365 2057 449 2108 equo余
463 2043 572 2108 jamque
585 2040 631 2092 hos
644 2057 731 2105 cursu,
739 2041 796 2107 jam
809 2040 925 2108 praeterit
937 2039 1003 2104 illos,

246 2109 472 2178 Spumantemque
484 2110 541 2161 dari
553 2126 647 2178 pecora
659 2109 729 2160 inter
740 2109 836 2161 inertia
848 2109 915 2160 votis

248 2178 331 2246 Optat
343 2195 445 2246 aprum,
457 2186 505 2231 aut
517 2179 621 2230 fulvum
634 2176 789 2230 descendere
800 2185 890 2230 monte
901 2177 1009 2229 leonem.

284 2248 389 2299 Interea
401 2265 496 2314 magno
508 2247 610 2299 misceri
622 2265 757 2299 murmure
769 2247 864 2299 coelum
1041 2248 1090 2295 160

248 2316 365 2384 Incipit:
384 2316 532 2383 insequitur
544 2317 687 2368 commixta
699 2317 827 2383 grandine
839 2315 952 2368 nimbus.

248 2384 286 2437 Et
297 2385 369 2452 Tyrii
381 2386 488 2438 comites
500 2387 604 2454 passim,
617 2391 644 2437 et
656 2385 768 2452 Trojana
776 2387 910 2452 juventus,

249 2452 452 2521 Dardaniusque
464 2472 543 2522 nepos
556 2455 672 2520 Veneris,
686 2455 788 2506 diversa
800 2472 846 2521 per
858 2471 933 2520 agros

249 2523 330 2576 Tecta
341 2530 416 2576 metu
427 2524 542 2592 petiere:
559 2532 643 2576 ruunt
655 2524 688 2575 de
699 2523 833 2574 montibus
845 2540 942 2576 amnes.

249 2592 409 2660 Speluncam
420 2593 489 2644 Dido
501 2593 557 2644 dux
570 2599 596 2646 et
608 2593 735 2659 Trojanus
748 2592 858 2643 eandem

250 2661 411 2715 Deveniunt.
446 2661 535 2715 Prima
547 2670 574 2714 et
586 2662 674 2714 Tellus
687 2668 714 2714 et
726 2659 844 2729 pronuba
856 2658 929 2713 {tuno

251 2729 325 2783 Dant
337 2731 459 2798 signum:
476 2731 572 2784 fulsere
583 2732 665 2800 ignes,
679 2737 707 2785 et
719 2730 841 2785 conscius
851 2729 937 2784 ather

253 2799 410 2863 Connubir's5
423 2816 579 2872 summoque
593 2802 739 2861 ulularunt
752 2801 1025 2876 uerticehlymphm
