2700 3242
493 329 661 384 AENEIDOS
678 329 747 384 LIB.
765 329 828 385 XII.
1029 336 1079 385 sel

237 433 277 488 Ut
289 435 423 501 sceptrum
434 431 484 486 hoc
497 432 604 500 (dextre
616 438 749 502 sceptrum
761 451 824 486 nam
835 433 904 486 forte
915 432 1035 502 gerebat)

237 503 384 571 Nunquam
395 502 488 554 fronde
499 501 552 554 levi
563 501 659 554 fundet
670 502 788 570 virgulta
799 520 885 571 neque
896 503 1010 572 umbras,

240 572 330 636 Quum
341 571 420 623 semel
432 571 461 622 in
473 571 545 623 silvis
556 571 609 624 imo
621 571 654 623 de
666 572 747 641 stirpe
758 573 871 625 recisum

239 640 328 693 Matre
340 645 418 707 caret,
430 640 570 708 posuitque
582 657 668 692 comas
680 646 708 694 et
719 641 826 693 brachia
837 641 906 694 ferro
916 659 924 707 3

241 709 313 762 Olim
323 708 505 762 arbos—nunc
517 709 626 762 artificis
636 727 732 763 manue
743 711 899 763 aeredecoro
1032 713 1084 762 210

241 779 362 845 inclusit,
374 777 545 846 patribusque
557 778 630 830 dedit
641 785 744 847 gestare
755 780 878 833 Latinis?

241 847 349 901 Talibus
361 847 431 899 inter
443 864 470 899 se
481 847 622 899 firmabant
633 848 733 901 foedera
744 849 830 915 dictis,

243 917 390 986 Conspectu
401 916 430 968 in
441 916 527 969 medio
540 933 683 985 procerum.
718 917 786 970 Tum
797 919 848 970 rite
860 921 975 970 secretas

244 986 278 1038 In
288 986 422 1039 flammam
430 987 463 1054 ju
527 991 559 1037 nt
570 987 691 1054 pecudes,
703 992 730 1040 et
742 987 842 1041 viscere
852 987 919 1040 vivis

243 1055 290 1108 Eri
309 1055 375 1122 iunt,
388 1071 449 1107 cum
479 1060 578 1122 antque
589 1057 704 1109 oneratis
715 1056 834 1110 lancibus
847 1074 912 1110 eras.

304 1129 317 1176 t
328 1140 389 1176 vero
402 1123 510 1176 Rutulis
521 1124 608 1194 impar
619 1141 651 1178 ee
662 1143 753 1194 pugna
764 1126 849 1178 videri

243 1192 265 1246 J
265 1193 417 1260 amdudum,
431 1198 458 1246 ct
470 1193 542 1246 vario
554 1193 658 1246 misceri
669 1202 776 1262 pectora
786 1200 878 1258 motu;

243 1262 313 1315 Tum
324 1261 415 1329 magis,
428 1267 460 1314 ut
471 1262 578 1331 propius
591 1269 703 1315 cernunt
714 1280 767 1315 non
779 1263 879 1316 viribus
891 1263 979 1333 aequis.

244 1331 363 1400 Adjuvat
375 1331 477 1384 incessu
489 1333 571 1384 tacito
583 1348 733 1401 progressus
745 1337 772 1384 et
784 1348 857 1384 aram

245 1399 283 1454 Su
301 1400 406 1469 pliciter
416 1417 543 1453 venerans
555 1402 666 1453 demisso
677 1401 778 1453 lumine
790 1401 902 1468 Turnus,
1036 1405 1087 1454 220

244 1470 284 1522 lle
316 1476 426 1538 ntesque
437 1487 519 1538 genu,
532 1475 560 1522 et
566 1470 687 1538 juvencli
698 1470 728 1522 in
739 1486 844 1538 corpore
856 1471 947 1539 pallor.

247 1539 332 1602 Quem
344 1538 422 1591 simul
434 1555 465 1591 ec
477 1539 497 1592 J
498 1545 597 1591 uturna
609 1555 680 1591 soror
691 1538 850 1592 crebrescere
862 1541 932 1594 vidit

246 1606 405 1672 Sermonem,
417 1613 445 1660 et
457 1607 531 1676 vulgi
543 1608 645 1660 variam
657 1607 775 1661 labantia
786 1609 881 1663 corda:

247 1676 282 1728 In
294 1676 393 1729 medias
405 1677 481 1745 acies,
493 1678 605 1730 formam
616 1678 770 1731 assimulata
782 1679 932 1731 Camerti-

246 1745 296 1798 Oui
307 1762 391 1813 genus
403 1763 419 1798 e
430 1747 534 1814 proavis
545 1747 646 1815 ingens,
658 1747 810 1816 clarumque
822 1755 939 1816 paternae

245 1815 350 1868 Nomen
361 1819 418 1868 erat
430 1815 545 1883 virtutis,
557 1816 652 1884 etipse
664 1817 807 1869 acerrimus
819 1819 933 1870 armis-

247 1884 282 1938 In
293 1883 393 1937 medies
405 1884 452 1937 det
463 1901 518 1937 sese
529 1884 605 1952 acies,
617 1885 690 1937 haud
702 1886 791 1938 nescia
801 1904 897 1955 rerum,

247 1953 427 2021 Rumoresque
436 1953 499 2006 serit
511 1954 602 2021 varios,
615 1971 646 2006 ac
658 1955 724 2007 talia
735 1955 824 2008 fatur:

249 2024 266 2052 “
276 2023 302 2075 N
303 2040 336 2075 on
348 2023 439 2091 pudet,
451 2040 467 2076 o
479 2023 581 2089 Rutuli,
593 2038 640 2090 pro
652 2021 754 2074 cunctis
766 2022 864 2075 talibus
877 2039 957 2074 unam

248 2089 386 2160 Objectare
397 2089 534 2143 animam?
551 2107 703 2156 numerone,
716 2106 751 2141 an
762 2088 862 2142 viribus
874 2089 943 2157 aequi
1039 2092 1090 2142 230

247 2159 308 2212 Non
320 2158 430 2212 sumusl
448 2158 498 2226 En,
510 2176 599 2212 omnes
611 2163 638 2211 et
650 2159 737 2224 Troes,
750 2163 777 2211 et
789 2157 911 2226 Arcades,
923 2158 952 2209 hi
964 2162 1034 2225 sunt,

247 2227 412 2349 &atalisque
423 2245 525 2296 manus,
538 2228 641 2280 infensa
652 2227 761 2280 Etruria
772 2226 880 2296 Turne]

274 2298 303 2349 ix
315 2298 425 2365 hostem,
437 2297 533 2350 alterni
545 2298 568 2349 si
580 2297 786 2364 congrediamur,
798 2294 931 2349 habemus.

249 2366 299 2418 Illo
311 2367 419 2435 quidem
430 2367 465 2419 ad
477 2383 590 2435 superos,
603 2383 715 2434 quorum
728 2382 754 2417 se
767 2365 877 2418 devovet
888 2366 948 2434 aris,

249 2435 377 2489 Succedet
388 2436 467 2502 fame,
480 2436 609 2503 vivusque
620 2451 668 2516 per
680 2452 725 2488 ora
736 2435 852 2487 feretur:

248 2503 276 2558 N
276 2521 312 2572 os,
323 2505 410 2574 patria
422 2505 524 2573 amissa,
537 2505 648 2557 dominis
660 2521 751 2572 parere
763 2503 881 2572 superbis

250 2573 387 2643 (legemur,
398 2574 446 2643 qui
457 2592 529 2627 nunc
540 2573 607 2626 lenti
619 2573 784 2626 consedimus
795 2568 886 2625 arvis?

250 2643 358 2697 Talibus
369 2644 476 2696 incense
488 2649 528 2696 est
535 2645 666 2712 juvenum
679 2641 810 2695 sententia
822 2642 899 2694 dictis

250 2712 271 2767 J
272 2730 316 2766 am
326 2713 411 2781 magis
422 2718 503 2780 etque
515 2711 617 2780 magis;
635 2713 768 2782 serpitque
779 2727 827 2779 per
838 2711 945 2780 agmina
956 2729 1090 2764 murmur.

252 2781 309 2850 Ipsi
321 2781 465 2834 Laurentes
475 2781 582 2850 mutati,
593 2780 700 2853 ipsique
710 2780 825 2836 noemi
1061 2777 1133 2822 ‘Q‘

248 2849 302 2912 Qui
308 2848 423 2917 sibijam
435 2851 555 2921 requiem
567 2870 675 2927 pugnes
687 2854 832 2928 rebusque
843 2851 973 2908 salutm
