2700 3242
432 239 461 293 P.
476 239 631 292 VIRGILII
643 238 806 293 MARONIS

290 376 303 410 e
316 357 411 426 aquilis
423 375 525 426 semper
536 357 636 426 gaudet
648 357 713 410 deus
724 357 770 410 ille
781 374 911 411 coruscus

287 446 346 479 vero
359 428 467 489 miserae,
481 429 603 495 quonium
616 427 742 479 damnate
754 427 862 479 deorum
995 430 1044 481 5³0

285 498 309 549 i0
322 498 429 564 natique
442 504 468 548 et
481 497 599 564 conjugis
612 506 674 548 ante
687 497 788 564 fuisset,

277 568 298 618 ti
310 566 484 634 apposuitque
496 567 586 617 odium
599 566 705 618 crudele
717 565 842 634 parentis.

273 654 331 704 que,
344 636 413 686 utin
426 636 532 687 aetherio
545 636 679 702 signorum
691 652 799 687 munere
811 639 948 704 praestens,

307 722 385 773 quem
397 705 497 772 duplici
510 704 646 756 stellarum
660 704 743 756 sidere
755 704 820 772 vidi,

267 775 326 841 pius
339 774 446 825 alternis
460 774 560 825 clarum
571 774 654 841 fugat·
663 774 776 827 Orione:

260 844 330 894 inter
342 861 395 894 sese
408 844 496 895 tristes
509 842 654 894 Haliaeetus
667 843 719 894 iras

254 912 318 964 Ciris
330 912 437 963 memori
450 919 555 965 servant
568 912 601 964 ad
614 912 710 964 saecula
722 911 785 964 fato.

249 998 377 1048 ecumque
389 982 436 1033 illa
448 982 532 1034 levem
544 981 649 1049 fugiens
662 987 734 1034 secat
746 981 844 1035 aethera
855 983 958 1052 pennis,

246 1067 275 1102 ce
287 1051 408 1102 inimicus
421 1057 497 1103 atrox
509 1068 604 1119 magno
617 1051 726 1104 stridore
738 1069 785 1120 per
796 1069 874 1104 sums

242 1121 359 1186 sequitur
370 1121 465 1172 Nisus:
484 1138 536 1188 qua
549 1138 575 1172 se
587 1121 639 1172 fert
650 1121 731 1173 Nisus
742 1121 776 1173 ad
789 1138 873 1188 eures,
996 1125 1047 1176 ⁶40

244 1189 355 1241 alerem
367 1190 470 1257 fugiens
482 1190 580 1259 raptim
592 1198 662 1242 secat
675 1191 773 1243 aethera
785 1191 885 1260 pennis.

558 1397 703 1414 W

512 1543 745 1616 OOPA.

245 1724 319 1777 Corn
332 1723 442 1791 Syrisce,
456 1730 536 1791 caput
550 1723 628 1777 Greia
640 1723 763 1775 redimita
775 1722 885 1790 mitella,

280 1794 399 1861 Crispum
412 1794 459 1844 sub
472 1793 569 1846 crotaie
581 1794 658 1845 docte
670 1811 772 1845 movere
785 1792 863 1859 lutus,

245 1861 325 1914 Ebria
337 1864 438 1914 fumosa
450 1862 530 1915 saltat
541 1863 638 1915 lascive
651 1863 768 1927 taberne,

280 1932 322 1983 Ad
332 1933 449 1984 cubitum
462 1951 553 1984 raucos
566 1934 701 1984 excutiens
714 1932 832 1983 calamos.

247 2000 317 2064 Quid
326 2004 404 2068 juvat
417 2003 505 2053 aestive
518 2002 647 2053 defessum
660 2002 768 2070 pulvere
780 2001 876 2066 abesse,

282 2072 367 2133 Quum
379 2072 466 2138 potius
479 2071 568 2123 bibulo
580 2071 733 2123 decubuisse
745 2069 818 2122 torui

247 2139 315 2193 Sunt
329 2157 408 2208 cupoe,
422 2141 522 2206 calices,
535 2141 632 2207 cyathi,
644 2158 709 2206 rese,
721 2140 794 2200 tibia,
807 2139 918 2205 chordae,

282 2210 317 2261 Et
329 2210 435 2261 triebila
448 2210 596 2261 umbriferis
608 2210 706 2277 frigida
717 2209 892 2261 arundinibus
904 2229 911 2273 ;

247 2277 295 2330 Est
308 2283 341 2345 et,
355 2279 477 2330 Maenulio
490 2297 548 2347 qure
561 2280 643 2346 garrit
656 2280 733 2333 dulce
747 2279 795 2330 sub
807 2285 892 2344 antro,

282 2348 390 2399 Rustica
402 2349 512 2416 pastoris
524 2349 613 2400 fistule
624 2367 696 2401 more
708 2366 801 2401 sonans
813 2367 820 2412 ;

245 2416 294 2470 Est
306 2424 333 2470 et
346 2435 437 2486 vappa,
450 2418 514 2470 cado
526 2436 609 2486 nuper
622 2419 716 2471 diffusa
728 2419 832 2486 pieat03

282 2487 330 2537 Est
343 2489 482 2554 strepitans
494 2505 572 2539 rauce
584 2506 719 2539 murmure
731 2489 803 2540 rivus
816 2504 899 2556 equae.

243 2554 312 2614 Sunt
327 2557 409 2617 etium
421 2574 508 2613 ereeee
520 2557 595 2610 rieiae
607 2557 640 2610 de
651 2558 713 2608 flore
726 2557 834 2624 corollae,

269 2640 410 2711 Sertaque
424 2630 646 2710 purpureuiuteu
654 2627 824 2688 mitterem,

227 2711 265 2770 Et
279 2733 297 2788 q
303 2735 348 2772 uae
362 2714 495 2787 virginee
506 2708 598 2765 iibute
612 2699 734 2788 bebeteis
742 2696 778 2777 dp
787 2711 866 2745 smne

263 2791 277 2796 ’
356 2789 501 2847 “minere
514 2780 659 2844 utimum
674 2768 800 2826 eedem·
