2700 3242
395 290 560 344 AENEIDOS
578 290 643 344 ΠΒ.
663 289 700 344 IL
930 294 980 350 lar

224 411 279 448 sere
290 410 387 460 omnes,
399 393 486 461 adytis
498 394 601 461 erisque
612 393 719 461 relictis,

224 464 289 517 libus
301 463 441 532 imperium
453 464 502 515 hoc
515 469 638 526 steterat3
657 462 809 515 succurritis
821 461 881 515 urbi

224 550 256 586 sae
266 551 273 587 τ
283 533 427 586 moriamur
439 539 467 585 et
478 533 507 584 in
518 533 605 584 media
616 549 690 585 arma
701 550 814 585 ruamus
886 546 888 550 '

224 602 282 656 elus
292 602 370 655 victis
382 601 484 653 nullam
496 619 598 670 sperare
610 601 738 654 sulutem?

224 672 289 724 imis
297 673 427 740 juvenum
439 671 512 723 furor
523 671 637 724 additus.
668 671 741 738 lade,
753 671 811 739 lupi
823 688 871 724 ceu

224 759 266 794 res
278 748 337 794 atra
348 741 377 792 in
389 739 492 806 nebula,
505 757 570 808 quos
581 741 618 792 im
637 740 700 792 roba
711 741 811 793 ventris

224 817 236 863 t
248 827 330 864 caecos
341 810 433 876 rabies,
446 811 579 878 catulique
590 758 676 862 relicti

224 879 270 933 bus
282 885 437 948 exspectant
449 879 538 943 siccis;
555 896 602 948 per
613 879 674 945 tela,
687 897 734 947 per
745 879 831 931 hostes

224 967 267 1002 rus
279 949 352 1002 haud
364 949 472 1001 dubiam
483 949 513 1001 in
523 955 641 1014 mortem,
653 949 723 1000 medi
765 966 798 1000 ue
811 955 930 1001 tenemus

228 1019 295 1072 iter:
313 1036 367 1070 nox
379 1024 438 1071 atra
449 1035 514 1070 cava
525 1017 696 1070 circumvolat
708 1035 753 1069 um
771 1035 807 1071 ra
926 1020 978 1070 360

224 1088 317 1141 cladem
328 1088 400 1139 illius
412 1087 504 1155 noctis,
517 1088 575 1156 quis
586 1087 681 1139 funera
692 1088 772 1139 fando

224 1164 268 1225 ret,
280 1163 328 1211 ant
340 1157 422 1225 possit
432 1157 547 1209 lacrimis
559 1173 661 1224 aequare
673 1156 773 1209 labores
783 1155 793 1208 f

224 1227 329 1295 antiqua
339 1227 402 1291 ruit,
415 1226 512 1278 multos
525 1226 718 1293 dominatapcr
729 1242 827 1278 annos:

224 1313 257 1348 na
268 1312 366 1365 perque
378 1295 434 1347 vias
446 1301 601 1347 sternuntur
613 1295 709 1347 inertia
720 1295 818 1362 passim

224 1382 258 1432 ra,
269 1382 367 1434 perque
379 1365 468 1417 domos
481 1372 507 1416 et
519 1362 640 1432 religiosa
652 1364 760 1415 deorum

224 1451 249 1487 a
278 1434 304 1488 N
304 1451 334 1486 ec
346 1433 393 1486 sali
405 1451 496 1502 poenas
508 1434 573 1485 dant
585 1432 713 1500 sanguine
725 1431 834 1496 'l'eucri3

224 1503 277 1555 lam
289 1503 370 1556 etiam
382 1503 458 1555 victis
470 1503 540 1555 redit
551 1503 579 1554 in
592 1501 736 1570 precordia
748 1503 840 1569 virtus,

224 1590 307 1641 esque
319 1573 419 1624 cadunt
430 1572 523 1625 Danai.
555 1571 673 1624 Crudelis
685 1571 783 1652 ubique

224 1659 245 1707 s,
257 1642 355 1710 ubique
368 1659 455 1710 pavor,
468 1648 495 1694 ct
507 1640 622 1709 plurima
633 1640 725 1692 mortis
737 1658 829 1708 imago.

224 1712 302 1764 rimus
314 1729 349 1772 se,
362 1712 483 1764 Danaum
495 1730 592 1777 magna
604 1714 747 1765 comitante
759 1722 869 1778 caterva,
926 1720 977 1768 370

224 1783 295 1848 »getis
307 1779 383 1832 offert
394 1779 476 1847 nobis,
489 1781 558 1832 socia
570 1781 678 1848 agmina
689 1783 796 1834 credens

224 1867 249 1915 u,
261 1855 341 1918 atque
352 1848 423 1902 ultro
435 1849 520 1901 verbis
532 1850 671 1916 compellat
683 1852 790 1902 amicis:

224 1917 300 1980 aare,
312 1917 379 1970 viri:
395 1933 456 1968 nam
468 1933 526 1984 quae
539 1921 594 1968 tam
607 1935 663 1971 sera
674 1922 791 1970 moretm

224 1984 287 2037 sicel
306 1985 352 2036 alii
364 1986 472 2053 rapiunt
484 1986 591 2038 incensa
603 1986 744 2053 feruntque

224 2070 282 2107 ma:
300 2071 345 2106 vos
358 2053 433 2106 celsis
444 2072 516 2106 nunc
528 2055 643 2123 primum
655 2072 672 2106 a
683 2054 794 2106 navibus
807 2054 850 2106 itis
860 2054 880 2107 l’

224 2141 232 2186 ;
249 2128 278 2174 et
290 2123 542 2193 extemplo-neque
554 2124 625 2175 enim
637 2141 760 2192 responsa
772 2124 904 2176 dabantur

224 2191 397 2244 ratis—sensit
408 2193 507 2245 medios
520 2192 641 2261 delapsus
655 2193 683 2245 in
695 2193 789 2245 hostes.

224 2260 289 2330 puit,
301 2267 421 2329 retroque
433 2262 526 2330 pedem
538 2279 598 2314 cum
611 2280 672 2314 voce
685 2262 814 2330 repressit.

224 2331 312 2382 »visum
325 2332 407 2398 aspris
419 2332 503 2383 veluti
516 2332 562 2400 qui
575 2331 692 2383 sentibus
704 2348 819 2398 anguem

224 2406 235 2452 t
247 2399 323 2452 humi
334 2399 429 2466 nitens,
441 2402 611 2469 trepidusque
622 2408 730 2468 repente
743 2400 843 2468 refugit
927 2404 970 2453 38(

224 2474 311 2520 entem
323 2469 382 2535 iras,
395 2475 422 2521 et
434 2471 531 2522 caerula
543 2470 609 2522 colla
621 2477 784 2522 tumentem:

231 2555 305 2590 secus
315 2537 470 2606 Androgeiis
482 2540 541 2591 visu
554 2540 723 2590 tremefactus
735 2539 833 2592 abibat.

224 2624 274 2673 rus,
287 2607 373 2659 densis
386 2615 412 2660 et
425 2608 662 2661 circumfundimur
674 2609 771 2671 armis;

224 2693 297 2744 >sque
310 2676 360 2729 loci
373 2677 470 2758 passim
482 2685 508 2730 ct
520 2677 659 2729 formidine
671 2684 761 2745 captas

223 2763 290 2798 mus.
320 2745 428 2813 Aspnat
436 2747 523 2815 primo
535 2747 645 2802 fortuna
654 2745 750 2803 laberi.

226 2813 273 2863 dic
282 2830 404 2868 successu
417 2819 561 2877 exsultans
574 2821 735 2897 animisque
744 2821 891 2888 (teretius,
935 2847 938 2852 ·
