2700 3242
267 315 318 369 15⁰
490 316 519 370 P.
539 315 697 369 vlacluss
715 313 878 370 MARONIS

262 417 369 471 Iraevam
380 421 477 470 cuncta
489 418 579 470 cohors
591 418 669 470 remis
681 418 820 484 ventisque
831 417 935 498 petivit.

262 487 391 540 Tollimur
402 487 431 539 in
443 487 538 539 coelum
551 492 658 539 curvato
670 487 784 554 gurgite,
797 493 824 538 et
836 486 907 538 rdem

262 555 398 608 Subducta
410 556 444 608 ad
456 573 546 608 manes
558 556 623 608 imos
635 556 777 608 desidimus
790 555 869 608 unda

262 625 313 677 Ter
325 625 425 694 scopuli
438 625 576 677 clamorem
589 625 658 677 inter
670 642 735 677 cava
747 642 812 676 saxa
824 624 934 676 dedere:

263 694 314 746 'ler
325 711 447 762 spumam
459 694 550 745 elisam
562 700 589 745 et
600 695 718 746 rorantia
730 694 844 745 vidimus
857 699 934 746 astra.

264 762 369 815 Interea
380 764 460 815 fessos
472 769 567 814 ventus
579 779 639 814 cum
651 762 705 815 sole
716 763 838 830 reliquit;

265 831 408 899 Ignarique
420 831 470 883 viae
483 831 625 899 Cyclopum
637 830 778 883 allabimur
790 832 848 884 oris.

301 904 419 955 “Portus
432 899 465 954 ab
477 917 582 952 accessu
594 906 732 952 ventorum
743 901 875 962 immotus,
887 902 914 950 et
926 899 1020 965 ingens
1056 901 1109 953 570

265 969 326 1037 Ipse
337 987 344 1032 ;
363 969 408 1020 sed
420 968 547 1020 horrificis
555 970 636 1036 juxta
648 973 725 1020 tonat
736 969 819 1020 AEtna
830 967 924 1035 ruinis,

266 1038 457 1104 Interdumque
468 1043 554 1089 atram
566 1038 713 1104 prorumpit
725 1037 758 1089 ad
771 1037 870 1089 aethera
881 1036 986 1102 nubem,

265 1105 381 1158 Turbine
394 1107 542 1158 firmantem
554 1106 627 1174 piceo
639 1111 666 1157 et
679 1106 807 1158 candente
819 1105 911 1158 favilla
921 1124 928 1169 ;

265 1175 425 1244 Attollitque
437 1175 526 1242 globos
538 1175 711 1241 flammarum,
723 1180 751 1227 et
763 1175 848 1227 sidera
859 1174 970 1228 lambit:

265 1244 405 1296 Interdum
418 1245 535 1312 scopulos
548 1244 690 1312 avulsaque
702 1244 802 1296 viscera
812 1244 910 1296 montis

265 1312 353 1381 Erigit
365 1319 494 1380 eructans,
506 1313 701 1381 liquefactaque
714 1330 778 1364 saxa
790 1313 838 1365 sub
850 1330 928 1365 auras

267 1382 333 1435 Cum
345 1383 446 1450 gemitu
459 1383 593 1450 glomerat,
605 1383 739 1449 fundoque
752 1387 882 1434 exaestuat
893 1383 953 1436 imo.

267 1451 350 1503 Fama
362 1457 408 1519 est,
421 1451 547 1505 Enceladi
560 1452 716 1503 semiustum
727 1450 839 1502 fulmine
851 1467 945 1519 corpus

267 1520 361 1588 Urgeri
373 1520 442 1572 mole
454 1520 512 1586 hac,
524 1521 710 1588 ingentemque
722 1521 829 1588 insuper
838 1520 949 1572 AEtnam

268 1588 423 1657 Impositam
435 1589 520 1656 ruptis
532 1589 665 1640 flammam
677 1589 809 1656 exspirare
821 1590 930 1641 caminis
940 1607 948 1653 3
1059 1591 1114 1641 580

268 1657 303 1709 llt
313 1660 411 1710 fessum
423 1658 524 1725 quoties
536 1663 622 1710 mutet
634 1659 712 1725 latus,
724 1659 864 1710 intremere
876 1675 980 1711 omnem

268 1727 405 1778 Murmure
417 1726 586 1794 Trinacriam,
599 1733 626 1779 et
638 1727 734 1778 eoelum
746 1727 884 1779 subtexere
896 1727 976 1781 fumo.

268 1796 380 1848 Noctem
392 1795 467 1848 illam
479 1796 544 1848 tecti
556 1796 628 1848 silvis
641 1797 767 1848 immania
778 1802 896 1848 monstra

269 1864 436 1932 Perferimus,
448 1881 504 1931 nec,
516 1882 575 1933 quae
588 1866 704 1917 sonitum
716 1866 761 1917 det
774 1882 860 1930 eausa,
873 1865 999 1918 videmus.

268 1933 338 1985 Nam
350 1951 434 2002 neque
446 1940 522 1986 erant
533 1940 664 1986 astrorum
676 1935 757 2002 ignes,
769 1952 818 1986 nec
830 1934 935 1987 lucidus
947 1935 1031 1987 ethra

268 2003 375 2056 Siderea
386 2003 469 2071 polus,
482 2003 589 2056 obscuro
603 2004 647 2055 sed
659 2003 752 2055 nubila
764 2004 842 2066 coelo;

269 2071 304 2124 Et
316 2072 408 2124 lunam
420 2072 448 2123 in
461 2073 549 2124 nimbo
561 2090 615 2124 nox
627 2073 786 2140 intempesta
797 2073 912 2125 tenebat.

307 2141 439 2194 “Postera
447 2143 557 2208 jamque
570 2141 624 2192 dies
636 2142 720 2257 primo
733 2142 854 2208 surgebat
866 2141 927 2205 Eoo,

270 2204 483 2274 Humentemque
496 2210 597 2258 Aurora
609 2223 642 2274 po
654 2223 668 2258 o
681 2206 826 2258 dimoverat
838 2205 959 2259 umbram
969 2225 977 2271 ;

270 2274 359 2338 Quum
371 2274 458 2326 subito
470 2292 484 2326 e
497 2275 576 2341 silvis,
588 2276 672 2326 macie
684 2275 803 2327 confecta
815 2292 944 2343 suprema,
1062 2280 1116 2329 590

270 2343 360 2410 ignoti
371 2360 440 2395 nova
451 2343 536 2395 forma
547 2344 598 2396 viri
609 2344 809 2411 miserandaque
821 2344 897 2396 cultu

270 2411 399 2478 Procedit,
412 2413 574 2480 supplexque
586 2430 680 2464 manus
693 2413 726 2464 ad
739 2413 817 2466 litora
828 2414 923 2467 tendit.

271 2480 441 2548 Respicimus.
471 2482 535 2533 Dira
547 2482 659 2547 illuvies,
672 2482 839 2550 immissaque
852 2483 939 2550 barba,

268 2545 424 2601 Consertum
437 2557 561 2617 tegumen
574 2551 672 2618 spinis:
691 2558 720 2602 at
732 2556 818 2603 cetera
831 2552 932 2618 Graius,

269 2618 305 2669 Ilt
318 2618 451 2686 quondam
462 2620 555 2687 patriis
567 2620 601 2672 ad
614 2621 718 2687 Trojam
730 2621 824 2672 missus
836 2621 863 2672 in
876 2621 963 2674 armis.

263 2687 348 2753 Isque
360 2687 404 2738 ubi
416 2688 564 2740 Dardanios
576 2687 683 2740 habitus
696 2695 723 2741 et
735 2690 813 2741 Troia
825 2690 893 2743 vidit

245 2753 336 2806 Ama
344 2758 452 2830 procul,
463 2760 582 2831 paulum
595 2765 710 2835 aspectu
721 2758 881 2815 conterritus
889 2759 977 2825 basit,

233 2818 441 2900 conteratque
450 2835 596 2906 gradum
616 2854 684 2894 mox
697 2853 755 2893 sese
767 2833 806 2890 ad
812 2832 899 2887 litora
906 2845 1025 2900 emb*
