2700 3242
289 298 339 352 rao
375 268 378 273 ’
517 293 545 344 Ρ.
565 290 716 346 unsrun
734 279 893 342 sranours

288 389 337 441 sed
350 389 491 456 glomerare
504 407 611 441 manum
623 390 690 441 bello
701 398 727 441 et
739 404 890 440 concurrere
902 386 931 437 in
943 402 1029 439 areem

288 459 353 510 Cum
366 460 439 509 sociis
451 461 544 510 ardent
556 460 644 510 animi.
674 459 757 509 Furor
769 459 858 524 iraque
870 452 990 508 mentem‘

208 540 215 601 J
290 527 475 594 Praereipitant3
493 529 684 596 pulchrumque
695 528 761 579 mori
773 526 900 578 succurrit
912 526 940 576 in
953 523 1041 576 armis.

208 621 210 624 ⁴
320 597 334 620 “
344 596 411 645 Ecce
422 604 510 649 autem
525 599 582 650 telis
595 599 714 650 Panthus
726 599 828 666 elapsus
840 597 979 666 Achivum,

214 681 216 685 ⁴
233 698 235 702 »
286 657 405 712 Panthus
419 662 570 728 Othryades,
583 666 648 733 runis
661 665 803 730 Phoebique
815 662 939 727 sacerdos,

243 790 245 795 Ι
276 727 364 799 ¹Sacra
376 749 457 782 manu
469 732 601 800 victosque
613 734 673 784 deos
687 749 847 802 parvumque
859 738 981 798 nepotem
1069 732 1118 782 320

209 843 211 848 .
271 796 347 870 ¹Ipse
360 800 448 864 trahit,
461 818 590 868 cursuque
603 819 692 853 amens
704 802 738 854 ad
750 801 842 853 limina
853 799 946 852 tendit.
1153 858 1156 863 .

215 886 218 895 ³
290 870 359 930 ‘Quo
372 885 411 919 res
424 885 524 918 summa
536 868 599 934 loco,
612 868 738 918 Panthui
756 885 835 936 quam
848 867 1002 935 preudImus
1014 883 1100 919 arcem
1107 868 1121 919 ἰ’

207 938 216 978 s
251 945 254 952 '
283 934 308 989 V
310 937 338 986 ix
352 953 382 987 ea
394 938 464 987 fatus
477 953 554 998 eram,
567 936 668 1003 gemitu
681 953 761 1002 quum
774 936 839 987 talia
851 935 953 989 reddit:

286 1005 382 1056 ‘Venit
395 1023 496 1056 summa
507 1005 562 1056 dies
575 1012 601 1056 et
612 1004 782 1056 ineluctabile
795 1011 900 1072 tempus

284 1074 431 1128 Dardaniae.
461 1073 571 1125 Fuimus
581 1073 658 1126 Troes
670 1093 677 1137 ;
695 1074 748 1125 fnit
762 1074 842 1126 llium
854 1080 881 1126 et
892 1073 985 1141 ingens

284 1144 372 1197 Gloria
384 1144 547 1195 Teucrorum.
579 1143 660 1195 Ferus
672 1143 760 1195 omnia
771 1143 880 1211 Jupiter
891 1142 975 1210 Argos

283 1213 446 1265 Transtulit:
464 1214 570 1265 incensa
582 1213 667 1264 Danai
681 1213 849 1264 dominantur
860 1213 889 1263 in
901 1211 972 1264 urbe.

284 1280 389 1334 Arduus
402 1290 514 1334 armatos
525 1282 618 1333 mediis
628 1283 657 1333 in
669 1282 798 1334 moenibus
810 1281 917 1334 adstans

285 1348 385 1404 Fundit
397 1369 485 1421 equus,
499 1352 632 1418 victorque
644 1351 725 1403 Sinon
737 1351 859 1403 incendia
870 1351 970 1417 miscet,

284 1419 425 1474 Insultans.
455 1421 540 1473 Portis
553 1421 599 1472 alii
611 1421 790 1488 bipatentibus
802 1420 906 1485 adsunt,
1069 1423 1121 1473 330

284 1489 370 1541 Millia
382 1498 445 1558 quot
457 1491 558 1557 magnis
571 1507 688 1557 unquam
700 1507 792 1541 venere
804 1489 923 1557 Mycenis
933 1509 940 1553 ;

284 1560 411 1611 Ohsedere
422 1560 468 1612 alii
481 1560 539 1610 telis
551 1567 664 1626 angusta
676 1560 779 1611 viarum

284 1629 401 1696 Oppositi
413 1648 419 1692 ;
438 1636 491 1681 stat
502 1629 564 1680 ferri
577 1629 643 1680 acies
655 1646 779 1680 mucrone
791 1645 895 1679 corusco

283 1699 386 1764 Sricta,
400 1705 492 1766 parata
504 1699 561 1749 neci
572 1718 579 1761 ;
597 1698 642 1748 vix
655 1698 733 1765 primi
745 1697 837 1766 proelia
849 1703 954 1748 tentant

284 1769 420 1820 Portarum
433 1767 531 1834 vigiles,
545 1774 571 1819 et
583 1784 649 1819 oaeco
662 1768 749 1818 Marte
760 1767 903 1818 resistunt’

282 1837 388 1890 Talibus
401 1837 541 1904 Othryadae
554 1836 631 1889 dietis
644 1842 670 1889 et
683 1837 790 1887 numine
803 1836 894 1886 divum

283 1908 315 1958 It
327 1907 444 1958 flammas
456 1917 483 1959 et
495 1908 523 1958 in
536 1925 608 1958 arma
619 1906 694 1971 feror,
708 1923 759 1973 quo
771 1905 854 1957 tristis
866 1904 968 1970 Erinys,

282 1977 338 2040 Quo
352 1977 469 2028 fremitus
483 1985 557 2028 vocat
570 1983 596 2028 et
609 1975 726 2027 sublatus
739 1975 772 2026 ad
784 1975 882 2026 aethera
895 1974 997 2025 clamor.

283 2047 390 2098 Addunt
403 2064 429 2097 se
442 2047 521 2097 socios
535 2046 650 2113 Rhipeus
663 2052 690 2095 et
702 2044 832 2095 maximus
844 2043 922 2094 armis

280 2117 302 2168 11
308 2122 390 2181 pytuq
403 2115 483 2166 oblati
496 2133 542 2183 per
554 2115 651 2179 lunam,
666 2114 837 2181 Hypanisque
850 2113 1007 2178 Dymasque,
1067 2115 1116 2163 34⁰

280 2184 315 2236 Et
327 2185 403 2236 lateri
416 2185 596 2251 agglomerant
608 2190 703 2248 nostro,
712 2183 868 2249 juvenisque
882 2181 1003 2233 Coroebus

281 2251 460 2321 Mygdonides.
492 2254 548 2305 Illis
561 2254 594 2305 ad
608 2254 711 2319 Trojam
722 2252 790 2304 forte
802 2251 892 2303 diebus

283 2321 401 2387 Venerat,
414 2324 504 2375 insano
518 2323 667 2374 Cassandrae
680 2323 801 2373 incensus
813 2338 899 2372 amoro
912 2339 917 2382 ;

280 2388 316 2440 Et
327 2411 405 2457 gener
417 2393 547 2445 auxilium
561 2393 663 2443 Priamo
676 2390 876 2457 Phrygibusque
888 2388 996 2453 serebat,

279 2464 293 2515 I
307 2463 383 2523 delirr,
397 2463 505 2530 quinon
518 2479 618 2530 sponsoe
630 2468 761 2529 praecepta
774 2461 886 2510 furentis

278 2531 407 2582 Audierit.

277 2599 348 2655 Quos
361 2601 406 2651 ubi
420 2601 547 2652 confertos
560 2600 655 2651 audere
667 2600 695 2650 in
708 2597 874 2667 11101Ιὶ111111,

280 2670 379 2736 Incipio
392 2687 468 2737 super
481 2670 537 2721 his:
556 2673 561 2694 ‘
572 2669 590 2720 J
593 2685 699 2731 1111111,
712 2666 853 2719 fortissima
865 2667 962 2715 frustra

264 2735 385 2806 Pectora,
399 2740 425 2792 s1'
437 2738 509 2793 Vobis
521 2739 665 2793 audentem
676 2745 794 2789 extrema
805 2735 900 2802 cupido

251 2803 332 2860 Certa
343 2811 438 2884 sequi:
452 2830 514 2885 quae
528 2813 567 2869 sit
579 2809 661 2868 rebus
672 2810 785 2865 fortuna
800 2804 899 2858 ridetis
905 2820 915 2854 ι
1065 2806 1121 2852 ‘too
