2700 3242
611 292 736 347 OULEX.
1050 295 1103 349 381

254 393 447 464 lengrndaque
459 394 540 448 effuse
551 394 706 464 requiemnt
716 395 834 450 membre
846 414 943 467 sopore

252 462 362 532 Effigies
373 465 408 518 ed
420 481 482 517 eum
494 464 591 518 Culicis
604 465 718 532 devenit
731 470 758 518 et
769 466 811 518 illi

254 534 349 587 'Pristis
361 533 395 586 ab
406 540 504 587 eventu
516 534 613 586 cecinit
625 535 746 588 convicia
756 535 856 588 mortis.

255 603 364 672 Inquit:
382 603 476 667 “Quid
486 604 603 668 meritus,
616 605 651 656 ad
665 620 723 684 quse
736 602 838 654 deletus
850 601 955 655 acerbas

255 673 339 740 Cogor
350 672 423 725 adire
434 672 522 726 vices?
540 673 597 724 Tun
610 672 753 724 dummrhi
765 672 849 724 carior
860 672 919 741 ipse
1045 677 1097 729 210

254 740 320 794 vita
330 742 384 795 fuit
395 743 459 809 vitu,
468 741 556 811 rapior
568 759 614 811 per
625 742 717 795 inania
729 742 822 795 ventis.

254 810 296 864 Tu
307 811 395 864 lentus
406 811 507 864 refoves
515 811 636 878 jucunde
647 811 765 862 membre
776 811 873 879 quiete,

254 879 370 949 Ereptus
382 880 457 933 tetris
469 897 484 933 e
496 880 631 934 cladibus:
649 886 679 932 nt
690 898 749 933 mee
760 897 851 933 manes

254 948 363 1002 Viscera
375 949 494 1003 Lethaene
507 956 606 1018 cogunt
618 955 755 1002 transnare
786 967 815 1001 er
826 950 929 1013 undes5

254 1017 349 1071 Prsede
361 1019 498 1072 charontis
510 1037 580 1086 eger.
611 1018 705 1071 Viden’
718 1025 750 1071 ut
761 967 902 1087 degrunnit
913 1019 990 1072 taedis

253 1086 369 1141 Lumine
381 1088 512 1141 collucent
523 1089 626 1141 infestis
638 1089 726 1140 omnia
738 1089 844 1157 templis
854 1107 861 1153 3

255 1157 340 1211 Obvia
351 1158 499 1227 Tisiphone,
512 1158 676 1227 serpentibus
688 1158 806 1226 undique
818 1163 912 1223 comte,

253 1226 291 1281 Et
302 1227 421 1281 flmmes
433 1233 460 1280 et
473 1244 541 1280 saeve
553 1228 641 1296 quatit
653 1227 720 1278 mihi
732 1227 839 1279 verbere
850 1245 943 1295 poenoe,

254 1297 382 1349 Gerbems
394 1303 421 1350 et
433 1297 496 1349 diris
507 1297 604 1364 flagret
616 1296 757 1348 latratibus
769 1313 821 1362 ore,

253 1365 394 1434 Anguibus
405 1366 469 1418 hinc
480 1371 560 1434 etque
572 1365 635 1418 hinc
647 1365 755 1417 horrent
766 1365 810 1416 cui
822 1364 890 1417 celle
901 1364 1012 1432 reflexis
1046 1369 1097 1418 220

254 1434 449 1504 Sanguineique
460 1435 561 1487 micent
573 1435 692 1487 ardorem
703 1434 811 1486 luminis
823 1434 904 1486 orbes,

254 1503 331 1557 Heu!
351 1505 415 1573 quid
428 1504 461 1557 ab
474 1505 557 1557 officie
570 1504 686 1572 digressa
698 1509 737 1555 est
749 1503 843 1570 gretia,
856 1520 938 1572 quum
951 1509 977 1556 te

255 1573 372 1626 Restitni
383 1574 484 1643 superis
495 1573 543 1626 leti
551 1575 609 1641 jum
621 1573 713 1624 limine
725 1572 758 1625 ab
771 1572 843 1640 ipset

254 1641 368 1695 Praemiu
380 1649 442 1695 sunt
453 1643 561 1712 pietatis
572 1643 627 1710 ubi,
639 1643 746 1711 pietatis
758 1641 889 1696 honores?

254 1712 289 1765 In
300 1729 381 1766 venas
393 1711 479 1765 abiere
491 1713 561 1765 vices
571 1731 579 1776 ;
597 1718 624 1765 et
635 1730 696 1764 rure
707 1712 814 1764 recessit

254 1781 275 1835 J
275 1781 373 1834 ustitiae
385 1781 457 1851 prior
468 1781 515 1834 ille
527 1782 598 1835 fides.
635 1782 768 1834 Instantis
779 1782 835 1834 vidi

253 1849 378 1917 Alterius,
392 1851 447 1902 sine
458 1856 580 1919 respectu
590 1868 650 1903 mee
661 1852 718 1903 fate
729 1851 880 1919 relinquens
890 1869 898 1914 ;

253 1919 297 1972 Ad
308 1919 404 1988 pariles
416 1926 615 1987 ugor<eventus3
633 1920 665 1972 fit
676 1937 754 1988 poena
765 1921 877 1972 merenti
887 1939 894 1983 3

254 1987 337 2042 Poenc
348 1989 379 2042 fit
392 1989 520 2042 exitium:
537 1989 614 2041 modo
627 1989 662 2041 sit
675 1989 740 2040 dum
750 1995 827 2056 grute
838 1990 962 2042 voluntas
972 1990 979 2042 i

253 2057 374 2110 Exsistet
385 2076 433 2128 per
445 2058 573 2111 officium!
605 2059 685 2110 Feror
696 2059 756 2110 avia
768 2075 884 2126 carpens,
1045 2061 1097 2111 230

253 2126 323 2180 Avia
336 2127 486 2180 Cimmerios
498 2128 568 2179 inter
580 2127 709 2180 distentia
720 2127 800 2194 lucos,

254 2196 339 2259 Quem
351 2197 420 2249 circu
431 2197 520 2249 tristes
533 2198 676 2249 densentur
687 2196 716 2248 in
728 2196 816 2248 omnia
827 2213 919 2265 poenae.

253 2265 323 2318 Nem
335 2266 440 2319 vinetus
453 2266 526 2318 sedet
537 2266 660 2317 immunis
673 2265 836 2333 serpentibus
849 2264 919 2332 Otos,

253 2334 414 2387 Devinctum
425 2341 532 2387 maestue
545 2335 636 2404 procul
648 2335 777 2404 aspiciens
790 2334 940 2403 Ephialten,

254 2404 348 2457 Ocnuti
360 2421 442 2473 quum
455 2405 509 2457 sint
521 2405 654 2473 quendem
664 2405 812 2457 rescindere
823 2405 972 2468 mundum;

253 2473 290 2526 Et
301 2473 399 2542 Tityos,
412 2475 520 2541 Latona,
533 2480 587 2526 tuae
599 2491 698 2526 memor
709 2474 806 2527 anxins
817 2473 907 2541 ires,-

254 2542 433 2611 Implucebilis
445 2544 485 2595 ire
496 2544 680 2612 nimie-jacet
692 2543 764 2596 clitis
776 2560 841 2596 esca.

253 2612 361 2664 Terreor
373 2613 408 2664 ah
420 2613 502 2665 tentis
514 2613 642 2680 insistere,
654 2618 759 2679 terreor,
771 2612 879 2680 umbris,

252 2680 297 2732 Ad
309 2680 414 2750 Stygias
425 2687 562 2735 revcentue
574 2699 662 2750 equas.
693 2682 747 2735 vix
758 2682 869 2734 ultimus
881 2682 956 2735 amni

254 2750 353 2816 Restat,
365 2759 500 2805 nectareas
512 2751 605 2805 divum
617 2751 666 2824 qui
675 2751 801 2826 eredidit
811 2768 908 2806 escunt
1064 2745 1127 2790 Ἢ

246 2819 369 2871 Gutturis
378 2822 469 2875 arenti
481 2823 627 2881 revolutus
640 2825 673 2881 in
685 2825 784 2883 omniu.
794 2839 894 2877 sensu.
