2700 3242
494 310 659 365 AENEIDOS
678 311 744 363 LlB.
764 310 827 363 VII.
1039 314 1092 365 233

244 415 415 484 Tyrrhenum
427 414 461 468 ad
474 415 600 482 Thybrim
612 420 639 467 et
650 414 731 467 fontis
743 415 812 466 vada
824 430 897 466 sacra
908 412 1022 466 Numici.

244 485 302 538 Dat
314 484 365 537 tibi
376 491 503 553 preterea
515 485 630 536 fortunae
643 502 726 553 parva
737 485 830 552 prioris

244 553 369 621 Munera,
380 555 506 621 reliquias
518 554 596 621 Troja
607 572 641 606 ex
654 554 762 606 ardente
774 558 899 620 receptas.

244 623 307 676 Hoc
338 630 396 676 ater
407 623 534 675 Anchises
546 641 610 676 auro
622 623 723 676 libabat
734 623 769 674 ad
781 639 856 674 aras:

244 692 308 745 Hoc
356 693 419 745 iami
431 699 567 761 gestamen
579 699 643 760 erat,
656 709 740 761 quum
748 694 812 760 jura
824 690 923 742 vocatis

243 760 323 814 More
334 762 409 814 daret
440 780 455 815 o
474 763 532 830 ulis,
541 769 725 831 sceptrumque
737 777 861 829 sacerque
873 761 961 827 tiaras,

243 831 414 900 Iliadumque
421 781 455 884 la
487 827 618 884 rvestes.’'

280 900 389 952 'l'alibus
401 901 495 953 Ilionei
507 901 586 953 dictis
598 900 686 953 defixa
697 899 807 952 Latinus

244 969 352 1022 Obtutu
363 975 437 1023 tenet
449 986 501 1037 ora,
514 970 619 1038 soloque
631 969 772 1022 imm0bilis
784 969 875 1036 haeret,
1037 971 1090 1021 250

243 1039 368 1092 Intentos
380 1039 486 1093 volvens
499 1039 595 1092 oculos.
624 1039 650 1091 N
651 1057 680 1091 ec
692 1056 810 1108 purpura
821 1055 910 1106 regem

242 1107 323 1160 Picta
334 1114 430 1176 movet,
442 1126 491 1161 nec
504 1114 607 1176 sceptra
618 1115 725 1163 movent
737 1108 869 1160 Priameia
882 1113 997 1173 tantum,

243 1177 384 1241 Quantum
395 1178 423 1230 in
431 1177 566 1230 connubio
577 1185 648 1230 natae
660 1178 829 1246 thalamoque
840 1182 973 1239 moratur3

241 1245 281 1299 Et
292 1247 389 1299 veteris
402 1247 489 1300 Fauni
501 1246 585 1300 volvit
597 1247 646 1300 sub
657 1253 762 1316 pectore
774 1253 877 1300 sortem.

241 1315 327 1369 Hunc
339 1316 417 1368 illum
428 1317 491 1369 fatis
504 1323 614 1369 externa
625 1317 659 1369 ab
672 1316 732 1368 sedo
744 1316 892 1385 profectum

241 1383 371 1438 Portendi
383 1403 517 1454 generum,
529 1385 689 1455 paribusque
701 1387 729 1437 in
740 1403 823 1454 regna
835 1384 922 1437 vocari

239 1453 377 1522 Auspiciis
384 1473 391 1519 ;
409 1455 472 1506 huic
485 1455 636 1523 progeniem
648 1456 749 1508 virtute
760 1456 880 1506 futuram

240 1522 394 1592 Egregium,
406 1530 434 1577 et
447 1529 534 1576 totum
546 1542 605 1592 quas
617 1525 718 1578 viribus
730 1529 841 1592 occupet
853 1522 948 1575 orbem.

241 1591 363 1645 Tandem
374 1593 452 1646 laetus
464 1593 516 1646 ait:
534 1593 594 1646 “Di
605 1603 695 1645 nostra
706 1594 811 1661 incepta
823 1594 973 1649 secundent

239 1661 445 1731 Auguriumque
458 1663 548 1714 suum!
580 1660 702 1729 Dabitur,
714 1662 831 1729 Trojano,
845 1660 915 1728 quod
927 1666 1018 1729 optas:
1036 1663 1087 1713 260

238 1729 357 1784 Munera
368 1748 416 1783 nec
429 1749 528 1800 sperno.
558 1730 619 1783 Non
630 1730 711 1798 vobis,
723 1748 784 1798 rege
796 1731 899 1797 Latino,

238 1798 342 1853 Divitis
353 1800 419 1852 uber
430 1800 487 1868 agri
499 1801 615 1868 Trojaeve
627 1801 763 1868 opulentia
775 1799 865 1852 deerit.

239 1868 256 1921 I
275 1885 304 1921 se
315 1869 393 1921 modo
404 1868 508 1936 AEneas,
520 1870 603 1921 nostri
616 1869 638 1921 si
650 1875 730 1921 tanta
741 1869 836 1937 cupido
849 1874 896 1935 est,

237 1938 874 2061 littltlttsplsstttlllltztttlttl

238 2073 307 2128 Pars
318 2047 468 2146 mihi’pacis
481 2077 532 2129 erit
544 2077 665 2129 dextram
677 2077 795 2144 tetigisse
806 2075 922 2144 tyranni.

237 2143 294 2197 Vos
307 2151 398 2198 contra
408 2146 465 2214 regi
476 2163 535 2198 mea
547 2163 619 2198 nunc
630 2146 757 2198 mandata
767 2146 870 2198 referte.

237 2212 290 2266 Est
301 2214 368 2267 mihi
379 2220 451 2283 nata,
460 2215 516 2268 viro
529 2216 615 2283 gentis
627 2233 708 2283 quam
717 2217 829 2283 jungere
841 2219 945 2281 nostrae,

236 2282 302 2335 Non
313 2284 399 2351 patrio
412 2301 446 2336 ex
458 2284 538 2352 adyto
551 2291 639 2352 sortes,
651 2301 705 2336 non
718 2284 833 2352 plurima
844 2284 909 2335 coelo

237 2350 360 2404 Monstra
372 2353 477 2406 sinunt:
495 2370 604 2421 generos
616 2355 733 2406 externis
745 2352 824 2405 affore
836 2351 869 2405 ab
882 2353 939 2419 oris,
1032 2353 1085 2405 270

238 2419 300 2473 Hoc
312 2421 388 2474 Iatio
398 2428 498 2475 restare
510 2429 617 2490 canunt,
630 2423 676 2491 qui
689 2422 818 2490 sanguine
830 2428 951 2474 nostrum

235 2489 343 2542 Nomen
354 2491 384 2543 in
396 2497 467 2544 astra
479 2492 574 2544 ferant.
604 2492 686 2544 Hunc
697 2492 775 2543 illum
786 2508 891 2560 poscere
903 2491 959 2543 fata

237 2558 276 2611 Et
287 2576 352 2625 reor,
365 2566 400 2628 et,
414 2561 436 2613 si
449 2561 513 2629 quid
525 2561 582 2614 veri
592 2579 667 2613 mens
679 2567 802 2628 augurat,
815 2557 900 2629 opto.”

237 2627 306 2680 Haec
318 2628 420 2698 effatus,
430 2647 509 2698 equos
521 2647 630 2682 numero
642 2636 718 2699 pater
730 2630 805 2696 eligit
818 2630 896 2681 omni.

236 2696 353 2751 stabant
364 2704 405 2751 ter
417 2705 524 2751 centum
535 2699 616 2750 nitidi
628 2701 656 2750 in
668 2699 829 2769 praesepibus
841 2698 918 2750 altis:

236 2765 368 2819 Omnibus
380 2769 513 2836 extemplo
527 2768 632 2824 l'eucris
641 2769 724 2843 jubet
736 2768 833 2825 ordine
844 2768 913 2823 duci

234 2835 361 2884 mmm
370 2840 441 2888 ostro
451 2837 573 2906 alipedes
585 2843 728 2919 pictisque
741 2843 869 2918 tapetis:
