2700 3242
281 293 315 348 30
508 295 537 351 P.
555 296 712 350 VIRGILII
729 294 892 351 MARONIS

277 398 315 451 Ut
327 397 413 451 varias
424 415 488 450 usus
499 399 651 452 meditando
664 401 822 452 extunderet
834 407 904 452 artes

276 466 420 536 Paulatim,
432 474 459 521 et
471 469 550 521 sulcis
562 469 691 520 frumenti
703 475 832 537 quareret
842 470 951 522 herbam

277 536 315 590 Ut
327 537 407 589 silicis
419 537 492 590 venis
504 537 655 589 abstrusum
667 539 809 590 excuderet
820 540 917 606 ignem.

277 605 352 659 Tunc
364 606 437 658 alnos
448 607 564 676 primum
575 607 650 658 fluvii
663 624 765 659 sensere
777 614 882 660 cavatas
894 627 900 672 ;

276 675 376 730 Navita
387 680 446 727 1111
457 675 539 728 stellis
551 693 672 727 numeros
685 681 712 728 et
724 677 831 728 nomina
842 677 913 744 fecit,

277 744 406 811 Pleiadas,
419 745 536 812 Hyadas,
549 745 698 813 claramque
710 745 838 813 Lycaonis
851 746 968 809 Arcton;

277 814 346 866 Tum
357 815 458 881 laqueis
471 820 576 882 captare
588 816 656 866 feras
669 822 697 866 et
708 814 799 866 fallere
812 816 882 867 visco

277 883 427 950 Inventum,
440 889 467 935 et
478 900 587 950 magnos
599 883 708 934 canibus
720 884 882 936 circumdare
894 884 977 936 saltus
987 904 995 949 ;
1076 889 1127 938 140

277 952 365 1022 Atque
377 953 445 1005 alius
456 953 542 1004 latum
553 952 638 1003 funda
646 954 704 1018 jam
716 953 835 1005 verberat
847 971 959 1019 amnem,

277 1021 340 1075 Alta
351 1027 443 1091 petens
455 1021 599 1090 pelagoque
611 1021 680 1073 alius
692 1022 775 1074 trahit
787 1022 897 1074 humida
909 1023 981 1077 lina:

276 1090 345 1143 Turn
356 1091 419 1143 ferri
429 1091 508 1158 rigor,
521 1096 600 1157 atque
613 1096 715 1157 argutae
727 1091 827 1142 lamina
840 1108 915 1143 sorrae
926 1111 933 1155 ;

276 1159 346 1214 Nam
357 1159 436 1229 primi
449 1159 539 1211 cuneis
551 1159 706 1212 scindebant
718 1160 797 1212 fissile
809 1160 929 1227 lignum:

276 1228 345 1281 Tum
357 1229 435 1282 variae
448 1245 542 1280 venere
554 1234 622 1281 artes
633 1248 640 1292 ;
658 1229 732 1281 labor
743 1229 831 1281 omnia
844 1229 909 1281 vicit

276 1297 414 1367 Improbus
427 1303 453 1350 et
466 1298 539 1350 duris
550 1315 646 1366 urgens
658 1299 688 1349 in
699 1298 777 1350 rebus
790 1304 898 1365 egestas.

275 1366 366 1420 Prima
378 1369 453 1420 Ceres
461 1369 530 1420 ferro
542 1369 665 1419 mortales
677 1374 778 1420 vertere
791 1373 888 1419 terram

276 1436 406 1504 Instituit,
419 1454 502 1505 quum
510 1438 567 1504 jam
579 1436 688 1503 glandes
700 1443 781 1504 atque
793 1436 888 1488 arbuta
900 1454 979 1490 sacrae

275 1505 424 1558 Deficerent
436 1507 515 1573 111111,
528 1511 556 1557 11
567 1506 669 1557 victum
681 1506 791 1557 Dodona
802 1512 917 1571 negaret.

275 1573 341 1627 Mox
353 1580 380 1627 et
391 1575 530 1627 frumentis
542 1574 616 1626 labor
627 1574 741 1640 additus,
754 1580 785 1626 ut
797 1575 868 1626 mala
879 1575 979 1627 culmos
1073 1579 1125 1628 150

275 1643 352 1697 Esset
363 1644 459 1711 robigo,
473 1643 610 1711 segnisque
622 1643 739 1696 horreret
750 1644 779 1694 in
791 1644 860 1696 11111

276 1713 411 1766 Oarduus:
428 1713 563 1764 intereunt
575 1719 674 1779 segetes
687 1732 694 1777 ς
712 1712 783 1764 subit
796 1730 887 1780 aspera
900 1713 973 1781 silva,

275 1781 425 1903 lappaeque
438 1781 588 1848 tribulique,
601 1783 723 1848 interque
735 1782 849 1833 nitentia
862 1783 934 1834 culta

274 1851 336 1904 Infe
348 1851 375 1903 ‘x
387 1851 479 1903 lolium
490 1857 518 1903 et
530 1851 629 1902 steriles
642 1851 812 1902 dominantur
824 1868 921 1903 avenae.

276 1920 352 1984 Quod
364 1921 416 1972 nisi
427 1926 454 1973 et
466 1920 578 1972 assiduis
591 1918 711 1972 terram*
724 1919 885 1972 insectabere
898 1919 995 1978 rastris.

275 1988 312 2042 Et
323 1990 411 2042 sonitu
423 1990 531 2042 terrebis
543 2007 611 2057 aves,
624 1996 651 2041 et
662 1990 731 2041 ruris
743 1990 817 2058 opaci

276 2058 354 2111 Falce
366 2076 467 2129 premes
478 2059 591 2125 umbras,
605 2059 727 2127 votisque
739 2058 872 2111 vocaveris
884 2059 994 2110 imbrem
1004 2077 1012 2123 ;

276 2126 355 2180 Heu!
373 2145 501 2196 magnum
512 2128 620 2180 alterius
632 2129 732 2180 frustra
744 2128 873 2196 spectabis
885 2145 1015 2195 acervum,

276 2196 457 2266 Ooncussaque
469 2198 566 2249 famem
577 2197 606 2248 in
619 2197 691 2250 silvis
704 2197 819 2249 solabere
831 2214 939 2264 quercu.

310 2267 459 2319 Dicendum
472 2272 505 2334 et,
518 2283 578 2334 quae
591 2267 645 2318 sint
657 2267 729 2318 duris
741 2267 888 2333 agrestibus
901 2283 982 2333 arma,
1073 2268 1125 2320 160

276 2334 355 2399 Queis
368 2336 424 2388 sine
436 2353 484 2388 nec
496 2342 604 2404 potuere
617 2337 667 2388 seri
679 2353 728 2387 nec
740 2353 845 2402 surgere
857 2353 969 2388 messes:

276 2403 367 2457 Vomis
379 2411 406 2457 et
418 2405 509 2457 inflexi
521 2405 636 2473 primum
648 2421 728 2472 grave
740 2404 820 2460 robur
831 2404 920 2470 aratri,

276 2472 412 2541 Tardaque
424 2474 555 2526 Eleusinae
567 2474 659 2526 matris
671 2473 805 2526 volventia
816 2473 943 2541 plaustra,

276 2541 435 2611 Tribulaque
447 2544 598 2612 traheaeque
610 2548 637 2595 et
647 2543 739 2609 iniquo
752 2543 866 2610 pondere
877 2542 973 2607 rastri;

276 2610 374 2678 Virgea
385 2619 512 2679 praeterea
524 2613 594 2666 (11111
607 2610 718 2679 vilisque
730 2612 857 2680 supellex,

274 2679 401 2733 Arbuteae
413 2689 496 2734 crates
510 2686 537 2734 et
548 2681 660 2748 mystica
671 2698 775 2734 vannus
788 2680 892 2732 iacchi:

262 2746 361 2798 Omma
374 2766 436 2816 quae
446 2751 536 2804 multo
548 2756 612 2804 ante
623 2766 723 2805 memor
735 2750 839 2819 prorisa
848 2764 965 2817 repones,

239 2807 280 2857 ἦ
288 2818 318 2865 ⁶0
329 2815 417 2886 digna
429 2828 528 2878 manet
542 2822 634 2878 divini
647 2822 737 2894 gloria
747 2820 828 2874 ruris.
