2700 3242
627 312 728 366 CIBIS.

260 413 407 482 Deprensus
418 418 514 466 nautas
526 413 634 466 canibus
646 415 771 466 lacerasse
782 415 897 468 marinis.

260 483 312 535 Sed
324 500 408 551 neque
420 483 539 536 Maeoniae
552 484 607 535 haec
619 484 759 552 patiuntur
770 485 873 537 credere
886 486 990 553 11111111,

260 553 286 605 N
287 570 316 605 ec
328 553 414 605 malus
425 552 534 604 istorum
547 552 632 604 dubiis
645 553 774 605 erroribus
787 560 885 608 auctor.

260 622 381 690 Namque
393 623 457 675 alias
469 622 515 675 alii
527 623 606 689 vulgo
618 623 717 675 finxere
729 623 838 691 puellas,

262 692 325 756 Quae
339 691 528 760 Colophoniaco
540 691 633 759 Scyllae
643 692 766 744 dicantur
778 693 899 748 Homero.

261 762 317 832 Ipsi
329 779 375 813 seu
386 761 475 814 Lamie
487 767 571 813 mater
582 761 623 827 sit,
637 762 691 814 sive
704 763 819 830 (11111111,

261 831 321 884 Sive
333 831 407 882 illam
418 839 533 882 monstro
545 832 638 898 genuit
651 831 745 883 Persea
756 832 868 900 biformi,

261 900 322 952 Sive
333 907 373 952 est
384 907 478 952 neutra
490 917 595 968 parens:
614 907 694 968 atque
706 902 754 953 hoo
766 902 795 953 in
807 903 921 954 carmine
932 907 989 954 toto

261 969 382 1037 Inguinis
395 976 434 1021 est
446 970 541 1021 vitium
554 975 581 1022 et
594 969 702 1022 Veneris
715 971 846 1040 descripta
858 972 938 1024 libido
945 991 953 1036 ;

261 1039 321 1091 Sive
334 1039 414 1091 etiam
426 1045 465 1090 est
474 1040 553 1107 jactis
566 1040 678 1107 speciem
689 1046 793 1092 mutata
805 1041 918 1108 venenis,
1065 1040 1100 1096 70

261 1108 360 1161 Infelix
371 1109 458 1175 virgo:
477 1109 541 1175 quid
553 1109 623 1159 enim
635 1111 799 1162 commiserat
810 1110 875 1163 illal

262 1177 322 1246 Ipse
334 1184 408 1246 pater
420 1178 518 1229 nudam
531 1195 600 1230 saeva
612 1179 762 1246 complexus
775 1197 854 1232 arena

262 1247 419 1315 Coniugium
431 1264 496 1298 carae
509 1248 652 1299 violaverat
664 1249 850 1316 Amphitrites:

260 1318 386 1369 Attamen
399 1317 486 1383 exegit
500 1317 577 1384 longo
589 1323 647 1384 post
659 1323 775 1385 tempore
787 1336 884 1386 poenas,

261 1386 305 1451 Ut,
318 1403 400 1454 quum
412 1402 474 1436 cura
487 1387 527 1437 sui
539 1386 678 1438 veheretur
690 1389 807 1454 conjugis
819 1388 880 1455 alto,

261 1455 323 1524 Ipsa
335 1462 435 1506 trucem
447 1455 531 1506 multo
543 1456 661 1507 misceret
675 1457 802 1524 sanguine
814 1465 931 1526 pontum.

260 1524 313 1577 Seu
325 1542 391 1591 vero,
404 1530 435 1576 ut
447 1524 592 1592 perhibent,
605 1525 689 1577 forma
701 1543 783 1592 quum
795 1527 910 1579 vinceret
922 1543 1018 1594 omnes,

260 1594 296 1646 Et
309 1595 416 1662 cupidos
428 1600 531 1661 quaestu
544 1595 639 1662 passim
652 1595 775 1663 spoliaret
786 1604 911 1662 amantes,

261 1662 379 1715 Piscibus
392 1669 419 1714 et
431 1662 539 1714 canibus
550 1663 648 1715 rabidis
660 1664 759 1717 vallata
771 1672 886 1734 repente,

261 1732 405 1784 Horribiles
417 1733 516 1784 circum
528 1733 596 1785 vidit
608 1751 634 1786 se
647 1735 736 1786 sistere
748 1735 851 1788 formas.
1065 1735 1100 1786 80

261 1802 323 1853 Heu
335 1802 435 1869 quoties
447 1803 543 1854 mirata
555 1820 633 1855 novos
646 1804 776 1872 expalluit
788 1809 876 1859 1111111

261 1870 322 1940 Ipsa
335 1888 393 1923 suos
406 1871 507 1938 quoties
519 1872 571 1923 heu
583 1873 720 1940 pertimuit
732 1873 858 1926 latratus!

260 1940 333 1993 Ausa
345 1941 414 2008 quod
427 1945 466 1991 111
477 1940 572 1991 mulier
584 1959 682 1993 numen
693 1943 816 1994 fraudere
827 1944 942 2010 deorum,

261 2009 298 2062 Et
310 2010 408 2062 dictam
421 2009 517 2061 Veneri
530 2015 649 2061 votorum
661 2016 761 2063 vertere
774 2029 885 2079 poenam,

261 2079 354 2145 Quam,
366 2079 436 2131 mala
448 2078 591 2146 multiplici
599 2082 729 2146 juvenum
741 2080 811 2147 quod
824 2088 897 2148 septa
909 2086 1014 2133 caterva

260 2147 371 2201 Dixerat
384 2155 463 2216 atque
475 2148 562 2199 animo
574 2148 699 2200 meretrix
708 2151 810 2216 jactata
821 2150 943 2217 ferarum,

261 2216 392 2269 Infamem
404 2217 452 2269 tali
464 2217 557 2269 merito
569 2234 671 2269 rumore
684 2218 771 2284 fuisse,

260 2286 345 2340 Docta
358 2286 521 2354 Palaephatia
533 2292 646 2338 testatur
659 2304 721 2340 voco
733 2304 856 2356 papyrus.

261 2356 403 2424 Quidquid,
416 2363 443 2408 et
455 2362 486 2407 ut
498 2356 608 2424 quisque
620 2362 660 2408 est
671 2356 721 2408 tali
733 2357 766 2409 de
778 2358 851 2409 clade
862 2357 975 2425 locutus,

261 2426 357 2478 Omnia
369 2426 435 2477 sint:
454 2425 540 2492 potius
553 2425 632 2476 liceat
643 2432 775 2478 notescere
787 2427 869 2491 Cirin,
1064 2430 1098 2480 90

260 2498 348 2563 Atque
361 2512 439 2546 unam
452 2511 485 2545 ex
497 2494 588 2546 multis
600 2493 715 2563 Scyllam
727 2513 780 2548 non
792 2513 846 2548 esse
857 2497 960 2566 puellis.

261 2565 355 2628 Quare,
368 2580 433 2631 quae,
446 2569 538 2615 cantus
550 2564 690 2616 meditanti
702 2566 806 2617 mittere
817 2574 908 2632 certos,

261 2634 361 2700 Magna
372 2633 438 2684 mihi
450 2633 545 2702 cupido
557 2633 687 2685 tribuistis
699 2635 812 2702 praemiu,
825 2635 892 2689 diva

261 2702 531 2769 Pierides-quarum
544 2709 626 2754 castos
638 2703 735 2757 altaria
745 2711 836 2774 postes

257 2772 290 2822 M
291 2788 369 2823 unere
379 2788 450 2894 sape
460 2789 520 2827 meo
532 2772 671 2847 inficiunt,
680 2767 1012 2858 ictibusquehipadmffix

244 2838 392 2904 Deponunt
424 2860 490 2912 ores,
504 2853 555 2902 aut
569 2866 659 2906 suave
670 2849 779 2905 rubens
789 2857 953 2907 narem
