2700 3242
497 308 681 363 Buconica
716 309 789 362 ΕΘΗ
808 309 859 364 lll.
1084 308 1101 364 7

253 410 319 463 Tem
353 427 382 464 ra
394 427 453 478 quse
465 428 569 479 messor,
581 428 640 480 quae
653 429 750 465 curvus
761 418 849 465 arator
861 412 991 468 habcrctl

253 427 376 533 Necddm
387 480 440 533 illis
452 479 526 533 labra
538 480 650 548 admovi,
663 481 709 533 sed
721 482 828 534 condita
839 499 919 536 servo.

277 549 353 602 Diu.
371 550 407 602 Et
419 548 494 602 uobis
505 549 576 602 idem
588 551 743 603 Alcimedon
756 551 808 603 duo
820 552 914 620 pocula
926 553 998 621 fecit,

252 618 290 672 Et
301 618 375 671 molli
387 620 487 671 circum
499 624 627 671 ostensas
640 637 683 672 am
703 620 778 672 lexus
790 621 912 688 acantho,

253 687 411 757 Orpheaque
423 689 452 740 in
463 689 550 741 medio
580 689 650 741 osuit
662 690 682 741 s‘
695 707 793 758 vasque
805 697 942 758 sequentes
952 709 960 754 ;

252 755 376 810 Necdum
387 757 441 810 illis
453 756 527 809 labra
600 758 650 824 ovi,
664 759 709 810 sed
721 759 828 811 condita
840 776 919 813 servo.

253 825 283 879 Si
294 827 329 879 ad
342 826 455 879 vitulam
467 833 576 894 spectas,
588 827 656 878 nihil
668 833 716 895 est,
728 828 798 909 quod
810 829 906 897 pocula
916 829 1015 883 laudes.

266 895 343 948 Mau.
348 895 575 964 Nunquamhodie
580 896 689 964 effugies
697 914 991 967 ;vemam,quocumquo
996 899 1104 954 vocaris.

253 965 357 1017 Audiat
368 965 424 1017 haec
436 971 551 1033 tantum,
563 965 606 1017 vel
618 966 665 1034 qui
676 967 758 1033 venit,
770 983 837 1034 ecce,
849 967 999 1032 Palaemon3
1069 971 1104 1020 50

254 1034 382 1102 Efficiam,
395 1034 504 1103 posthac
515 1051 549 1086 ne
561 1052 721 1103 quemquam
733 1052 795 1088 voce
807 1036 924 1090 lacessas.

277 1105 353 1157 Dare.
372 1104 442 1168 Quin
454 1121 511 1171 age,
521 1103 617 1172 siquid
629 1104 722 1157 habes:
735 1105 763 1156 in
774 1122 902 1157 memora
912 1123 966 1157 non
978 1106 1029 1158 erit
1041 1105 1103 1173 ulla,

254 1173 311 1226 Nec
341 1190 482 1241 uemquam
493 1173 567 1241 fugio
578 1191 585 1237 ;
598 1178 712 1241 tantum,
724 1175 811 1226 vicine
823 1174 965 1242 Palaemon,

255 1242 331 1296 Scnsi
349 1260 380 1295 us
392 1244 449 1294 haec
461 1243 528 1309 imis,
540 1259 581 1294 res
594 1249 633 1294 est
645 1261 698 1295 non
710 1261 800 1312 parva,
811 1260 930 1312 reponas.
948 1262 952 1270 ·

279 1313 345 1365 Pau.
362 1311 458 1378 Dicite,
470 1312 683 1381 quandoquidem
696 1313 724 1363 in
736 1312 810 1364 molli
822 1313 985 1364 consedimus
998 1311 1093 1376 horba3

256 1381 293 1434 Et
304 1398 376 1433 nunc
389 1381 473 1433 omnis
485 1398 554 1449 ager,
567 1398 639 1433 nunc
652 1382 737 1432 omnis
749 1381 865 1449 parturit
877 1380 961 1448 arbos,

256 1449 336 1503 Nunc
347 1450 471 1503 frondent
483 1450 563 1518 silvae,
575 1468 647 1503 nunc
659 1450 860 1502 formosissimus
872 1468 965 1502 annus.

257 1519 357 1589 Incipe,
369 1520 508 1584 Damoota3
526 1525 559 1572 tu
571 1520 666 1572 deinde
679 1536 793 1588 sequere,
806 1518 936 1573 Menalca.

257 1589 375 1642 Alternis
387 1589 488 1657 dicetis,
500 1595 592 1642 amant
605 1589 708 1642 alterna
720 1590 857 1643 Oamoenae.

280 1659 354 1711 Dare.
367 1657 409 1710 Ab
418 1659 486 1711 Jove
495 1659 663 1728 principium,
673 1659 758 1710 Musae
766 1678 773 1723 ;
782 1659 802 1711 J
803 1659 858 1711 ovis
870 1658 959 1713 omnia
967 1658 1062 1727 plena3
1072 1661 1107 1709 60

258 1727 309 1780 Ille
320 1728 384 1780 colit
395 1733 485 1794 terras,
498 1728 538 1779 illi
550 1745 609 1780 mea
621 1728 739 1781 carmina
750 1745 827 1781 curae.

281 1797 356 1850 Mna.
374 1797 410 1850 Et
421 1814 464 1849 me
474 1796 588 1849 Phoebus
601 1803 688 1863 amat3
700 1796 799 1850 Phoebo
811 1815 859 1851 sua
871 1815 972 1867 semper
984 1797 1055 1866 apud
1065 1812 1107 1848 me

257 1865 372 1920 Munera
383 1872 454 1935 sunt,
465 1866 541 1932 lauri,
554 1871 582 1918 et
594 1884 673 1919 suave
686 1866 783 1919 rubens
794 1867 963 1936 hyacinthus.

281 1936 356 1988 Duos.
374 1936 448 1988 Malo
459 1953 501 1988 me
515 1936 625 1989 Galatea
636 1937 713 2005 petit,
725 1936 824 1989 lasciva
836 1937 935 2006 puella,

257 2004 295 2058 Et
305 2005 377 2073 fugit
389 2005 423 2058 ad
436 2006 534 2072 salices,
548 2011 575 2057 et
587 2023 613 2058 se
626 2006 701 2074 cupit
713 2011 776 2058 ante
787 2006 878 2059 rideri.

283 2075 358 2128 Mau.
377 2074 414 2127 At
425 2075 491 2126 mihi
504 2092 559 2127 sese
570 2075 646 2127 offert
658 2075 729 2127 ultro
741 2093 815 2127 mcus
826 2076 905 2143 ignis,
917 2076 1058 2142 Amyntas,

258 2143 352 2197 Notior
363 2149 395 2196 ut
404 2146 461 2212 jam
474 2145 509 2196 sit
520 2143 630 2196 canibus
641 2162 695 2196 non
707 2144 785 2197 Delia
796 2145 899 2198 nostris.

282 2213 357 2266 Dan.
376 2213 457 2266 Parta
467 2231 533 2266 mese
546 2214 642 2267 Veneri
654 2219 718 2266 sunt
729 2231 856 2276 munera;
874 2231 988 2281 namque
1001 2213 1092 2266 notavi

259 2282 321 2352 Ipse
333 2283 427 2350 locum,
440 2285 518 2336 adriae
531 2300 583 2352 quo
595 2300 746 2353 congessere
758 2283 901 2352 palumbes.

283 2351 359 2406 Mur.
378 2352 454 2416 Quod
465 2353 549 2422 potui,
561 2371 641 2422 puero
654 2353 769 2405 silvestri
781 2370 814 2405 ex
826 2351 917 2404 arbore
929 2351 999 2405 lecta
1077 2354 1113 2405 :0

259 2422 349 2474 Aurea
360 2422 431 2475 mala
443 2423 533 2475 decem
543 2423 604 2474 misi
614 2441 622 2486 ;
640 2439 697 2474 cras
709 2421 793 2474 altera
804 2422 917 2475 mittam.

283 2491 358 2543 Dan.
371 2491 399 2544 -0
412 2492 522 2560 quoties,
535 2497 563 2544 et
574 2509 634 2560 quoe
646 2491 720 2544 nobis
734 2491 843 2544 Galatea
855 2491 944 2543 locuta
956 2494 1011 2543 cst!

261 2559 370 2613 Partem
381 2561 506 2629 aliquam,
519 2562 601 2628 venti,
614 2562 707 2612 divum
718 2561 837 2613 referatis
849 2561 883 2613 ad
895 2563 988 2613 aures!

285 2629 361 2683 Mar.
380 2630 449 2694 Quid
467 2630 580 2700 prodest,
599 2630 669 2699 quod
687 2647 730 2683 me
748 2631 803 2700 ipsc
821 2631 909 2683 animo
926 2647 979 2682 non
1004 2631 1113 2698 epomis,

436 2701 562 2768 Amynta,

257 2767 293 2830 si,
308 2767 371 2819 dum
385 2774 413 2820 tu
424 2770 536 2826 sectaris
548 2790 636 2849 apros,
649 2792 700 2849 ogo
712 2774 787 2834 retia
796 2772 896 2834 semol

269 2835 345 2888 ΡΜ·
363 2837 494 2906 Phyllida
508 2847 593 2906 mitte
606 2852 691 2926 mihi,
704 2873 790 2914 meus
800 2859 847 2914 eet
856 2841 1081 2917 mimimo·-
