2700 3242
362 305 527 358 AENEIDOS
546 305 612 357 LIB.
632 304 679 357 IX.
894 305 944 355 281

234 407 267 460 it:
282 409 390 476 jamque
401 408 555 476 imprudens
567 414 686 460 evaserat
698 406 791 473 hostes,

234 494 282 544 rus,
295 478 341 545 qui
353 483 412 546 post
425 478 499 529 Albas
512 478 544 529 de
556 477 662 529 nomine
674 476 740 528 dicti

233 553 292 598 tum
303 564 350 598 rex
363 546 467 599 stabula
479 547 535 599 alta
546 546 657 599 Latinus
669 544 790 598 habebat

245 623 272 668 et
283 616 382 669 frustra
394 616 529 669 absentem
540 616 656 685 respexit
669 615 800 668 amicum:

234 702 247 752 t,
260 686 353 736 infelix
369 701 421 752 qua
433 690 460 736 te
472 687 577 752 regione
590 686 684 754 reliqui
696 685 706 737 l
895 688 948 739 390

234 769 305 820 quar,
317 769 407 804 rursus
419 751 574 820 perplexum
587 753 637 803 iter
650 768 726 802 omne
738 750 872 803 revolvens

234 821 297 872 ilvae
307 819 331 874 l''
353 821 438 874 Simul
451 829 478 872 et
490 821 602 888 vestigia
613 826 684 872 retro

234 908 244 943 ι
255 891 327 958 legit,
340 891 479 958 dumisque
492 890 629 941 silentibus
642 895 718 942 errat.

234 977 283 1028 uos,
295 961 371 1012 audit
383 960 509 1028 strepitus
521 965 548 1012 et
560 960 635 1027 signa
648 964 810 1027 sequentum.

234 1047 275 1081 um
286 1030 315 1081 in
327 1029 413 1082 medio
425 1036 529 1096 tempus
539 1047 546 1092 ;
564 1046 648 1096 quum
660 1029 758 1081 clamor
770 1029 803 1080 ad
816 1046 892 1081 aures

242 1116 274 1151 ac
285 1099 358 1152 videt
370 1098 516 1166 Euryalum
527 1117 534 1162 ;
570 1116 629 1150 uem
638 1101 696 1167 jam
707 1114 801 1150 manus
813 1099 897 1151 omnis

234 1168 265 1220 ici
278 1174 305 1221 et
317 1169 408 1236 noctis,
422 1168 508 1219 subito
520 1174 565 1219 tur
583 1174 645 1220 ante
657 1168 783 1234 tumultu,

234 1255 258 1289 m
269 1238 347 1306 rapit,
360 1245 387 1289 et
399 1250 539 1290 conantem
550 1236 665 1306 plurima
677 1238 783 1289 frustra.

234 1307 282 1359 atl
301 1324 354 1374 qua
366 1308 393 1360 vi
402 1308 536 1373 juvenem,
549 1307 645 1374 quibus
657 1306 756 1358 audeat
767 1306 847 1358 armis

244 1393 278 1428 an
292 1394 346 1428 sese
357 1376 456 1428 medios
468 1377 611 1428 moriturus
622 1376 651 1426 in
664 1392 737 1428 enses
745 1382 760 1412 ⁶
891 1379 942 1427 400

235 1450 247 1497 t
260 1445 398 1514 pulchram
411 1453 531 1514 properet
543 1463 590 1514 per
601 1445 713 1498 vulnera
724 1449 835 1497 mortem
845 1444 855 1496 l

234 1515 302 1567 lucto
315 1521 357 1567 tor
373 1533 439 1567 nens
451 1515 546 1567 hastile
558 1515 663 1582 lacerto,

235 1601 246 1636 s
258 1585 341 1636 altam
354 1533 464 1651 lunam,
476 1584 513 1636 sic
525 1601 588 1636 voce
600 1590 739 1652 precatur:

234 1704 235 1707 ,
247 1659 278 1705 tu
289 1669 402 1723 praesens
415 1659 502 1704 nostro
515 1668 635 1703 succurre
647 1651 739 1718 labori,

246 1721 332 1787 decus,
345 1726 373 1773 et
384 1737 520 1773 nemorum
532 1719 643 1772 Latonia
655 1725 743 1772 custos
753 1739 759 1784 ;

234 1789 255 1842 is
267 1806 384 1857 unquam
397 1807 443 1858 pro
455 1807 497 1840 me
509 1795 585 1858 pater
598 1789 733 1857 Hyrtacus
745 1789 798 1842 aris

235 1865 255 1926 t,
267 1859 289 1910 si
302 1876 354 1927 qua
365 1859 422 1928 ipse
432 1859 498 1911 meis
510 1858 648 1911 venatibus
660 1859 733 1925 auxi,

234 1945 258 1980 re
270 1928 350 1994 tholo,
362 1936 410 1981 eut
422 1946 496 1980 sacra
507 1928 541 1980 ad
553 1927 662 1995 fastigia
672 1928 738 1980 fixi:

234 2015 297 2050 eme
309 1998 415 2049 turbare
427 1997 542 2064 globum,
555 2003 582 2049 et
593 2014 655 2066 rego
667 1996 722 2049 tela
733 2014 780 2065 per
792 1995 889 2049 auras.”

240 2072 267 2119 et
279 2073 334 2119 toto
347 2068 476 2119 connixus
489 2084 593 2135 corpore
605 2068 706 2118 fenum
888 2067 940 2116 410

241 2136 318 2188 hasta
330 2137 420 2188 volans
433 2136 517 2188 noctis
530 2136 678 2188 diverberat
690 2134 804 2202 umbras,

234 2206 313 2257 aversi
324 2206 353 2257 in
366 2212 470 2273 tergum
483 2205 623 2272 Sulmonis,
635 2205 727 2272 ibique

234 2292 244 2341 *,
257 2292 288 2327 ac
300 2275 359 2327 fisso
372 2275 467 2326 transit
479 2275 622 2342 praecordia
635 2273 715 2342 ligno.

234 2343 275 2396 ille
286 2362 393 2396 vomens
406 2344 522 2396 calidum
535 2344 567 2396 de
579 2350 684 2412 pectore
695 2343 795 2395 flumen

237 2420 265 2465 et
277 2413 362 2481 longis
375 2412 535 2480 singultibus
547 2414 594 2465 ilia
606 2413 702 2481 pulsat.

234 2483 433 2551 rcumspiciunt.
470 2483 527 2534 Hoc
540 2483 623 2534 acrior
635 2482 705 2534 idem

234 2552 247 2602 l
260 2569 362 2604 summa
374 2551 457 2604 telum
470 2551 584 2604 librabat
596 2552 630 2604 ab
642 2569 712 2604 aure.

234 2621 319 2687 ridant,
331 2622 365 2672 iit
376 2621 453 2673 hasta
465 2621 536 2689 Tago
549 2639 595 2689 per
607 2628 712 2688 tempus
725 2626 869 2687 utrumque

233 2692 393 2758 trajectoque
406 2689 483 2742 haesit
496 2691 628 2758 tepefacta
640 2689 751 2741 cerebro.

234 2775 262 2810 >x
275 2759 406 2827 Volscens,
419 2776 468 2812 nec
481 2760 530 2813 teli
542 2759 675 2833 conspicit
685 2776 810 2829 usquam
903 2757 960 2804 ⁶3&

243 2836 294 2880 nec
305 2845 358 2897 quo
370 2847 398 2883 se
410 2831 511 2887 ardens
524 2833 683 2890 immittere
692 2830 795 2905 puaa'tt·

459 2913 471 2939 ⁹
486 2914 565 2960 hostes
