2700 3242
519 335 686 391 AENEIDOS
704 338 770 392 LIB.
788 338 836 392 XI.
1049 342 1100 392 339

254 430 347 486 Tradit
358 450 456 502 equum
468 438 564 505 comiti,
577 438 735 507 paribusque
747 439 846 491 resistit
857 439 887 491 in
898 439 985 506 armis,
1047 439 1098 492 710

253 499 324 554 Ense
336 504 415 571 pedes
426 505 505 572 nudo,
518 524 636 575 puraque
647 508 770 561 interrita
783 526 882 577 parma

255 569 293 624 At
302 573 416 640 juvenis,
429 574 520 627 vicisse
533 577 592 628 dolo
604 583 686 644 ratus,
698 578 787 630 avolat
799 578 862 645 ipse,

256 638 339 693 Haud
349 658 430 709 mora,
442 645 624 713 conversisque
636 646 720 713 fugax
733 647 852 698 aufertur
863 645 981 713 habenis,

253 708 507 780 Quadrupedemque
520 714 604 766 citum
616 714 715 766 ferrata
727 716 798 767 calce
812 715 917 782 fatigat.

254 779 269 806 “
278 778 351 830 Vane
364 781 452 846 Ligus,
464 782 614 845 frustraque
627 781 722 833 animis
735 782 803 834 elate
816 782 941 847 superbis,

250 845 439 913 Nequidquam
450 848 549 914 patrias
562 847 671 898 tentasti
684 847 800 898 lubricus
812 852 900 910 artes,

250 913 276 965 N
278 931 307 966 eo
320 916 393 966 fraus
405 920 432 966 te
444 915 603 967 incolumem
614 915 705 966 fallaci
718 916 831 983 perferet
843 908 942 968 Anno.''

251 980 317 1035 Haee
328 985 402 1036 fatur
413 983 496 1051 virge,
509 991 536 1037 et
548 984 698 1052 pernicibus
709 985 788 1051 ignea
799 984 899 1053 plantis

250 1051 356 1105 Transit
369 1070 467 1120 equum
480 1070 564 1120 cursu,
577 1053 710 1121 frenisque
722 1053 832 1106 adversa
843 1053 978 1134 prehensis

251 1120 425 1189 Congreditur
437 1139 578 1190 poenasque
590 1122 698 1175 inimico
710 1140 745 1175 ex
756 1140 885 1190 sanguine
898 1123 986 1176 sumit.
1044 1126 1095 1176 720

251 1190 338 1253 Quam
349 1191 428 1244 facile
439 1191 566 1260 accipiter
578 1208 641 1244 saxo
653 1208 726 1243 sacer
737 1192 791 1244 ales
804 1191 837 1244 ab
849 1191 904 1244 alto

250 1258 425 1329 Consequitur
437 1261 531 1329 pennis
543 1260 683 1312 sublimem
694 1261 724 1311 in
735 1259 805 1311 nube
817 1259 973 1326 columbam,

251 1328 487 1398 Comprensamquc
499 1335 579 1396 tenet,
592 1329 755 1398 pedibusque
767 1329 894 1380 eviscerat
906 1330 998 1393 uncis;

249 1397 318 1450 llum
331 1416 407 1451 cruor
418 1406 445 1451 et
457 1399 539 1451 vulsae
551 1399 680 1450 labuntur
692 1398 724 1450 ab
737 1397 835 1450 aethere
847 1398 952 1466 plumae.

284 1468 321 1519 At
333 1484 385 1519 nou
398 1469 455 1519 haec
466 1466 547 1520 nullis
560 1468 698 1520 hominum
711 1473 781 1518 sator
792 1472 873 1533 atque
885 1467 994 1520 deorum

249 1535 395 1590 Observans
407 1537 489 1590 oeulis
502 1553 603 1589 summo
616 1536 689 1588 sedet
702 1537 772 1588 altus
785 1535 905 1604 Olympo.
966 1592 968 1596 ,

248 1604 414 1672 Tyrrhenum
426 1607 529 1674 genitor
541 1606 703 1658 Tarchonem
714 1606 744 1656 in
755 1605 848 1673 proelia
860 1623 929 1659 saeva

248 1673 372 1742 Suscitat,
385 1682 412 1728 et
425 1675 539 1727 stimulis
551 1675 623 1727 haud
635 1675 758 1727 mollibus
771 1674 858 1742 injicit
869 1675 928 1728 iras.

247 1743 319 1811 Ergo
330 1745 401 1796 inter
412 1744 495 1796 caedes
508 1745 679 1811 cedentiaque
692 1744 798 1811 agmina
810 1745 930 1797 Tarchon

247 1811 345 1865 Fertur
357 1830 431 1881 equo,
443 1813 575 1882 variisque
587 1813 698 1880 instigat
710 1812 816 1865 vocibus
828 1814 891 1880 alas,
1042 1816 1093 1868 730

248 1881 361 1935 Nomine
373 1900 505 1951 quemque
517 1900 620 1950 vocans,
628 1882 766 1950 reficitque
779 1883 808 1933 in
821 1883 914 1951 proelia
927 1883 1023 1952 pulsos.

249 1952 340 2016 “Quis
351 1957 444 2012 metus,
457 1969 472 2003 o
484 1968 621 2017 nunquam
634 1950 749 2010 dolituri,
763 1967 778 2002 ο
791 1967 891 2016 semper
903 1952 999 2002 inertes

246 2016 384 2085 Tyrrheni,
397 2033 455 2137 quae
467 2022 544 2069 tanta
556 2017 651 2070 animis
662 2017 770 2084 ignavia
783 2016 875 2068 venitl

248 2083 360 2138 Femina
372 2104 407 2155 pa
417 2092 492 2139 antes
504 2087 568 2154 agit,
581 2091 661 2154 atque
673 2087 731 2137 haec
743 2086 850 2152 agmina
861 2083 962 2137 vertiti

247 2154 306 2218 Quo
318 2156 425 2222 ferrum,
438 2155 534 2224 quidve
546 2156 603 2207 haec
615 2155 730 2222 gerimus
743 2155 796 2206 tela
808 2154 883 2206 irrita
896 2152 1017 2206 derunt

246 2225 284 2276 At
296 2240 350 2276 non
362 2224 391 2276 in
404 2224 533 2277 Venerem
545 2241 644 2292 segnes,
656 2230 837 2290 nocturnaque
849 2223 927 2290 bella,

247 2292 311 2360 Aut,
324 2293 370 2346 ubi
382 2311 463 2347 curva
475 2294 567 2347 choros
579 2293 678 2345 indixit
691 2293 757 2344 tibia
768 2292 875 2359 Bacchi,
932 2324 935 2330 ·

247 2362 409 2431 Exspectare
421 2364 508 2432 dapes,
522 2369 549 2415 et
561 2363 646 2432 plenae
658 2361 753 2430 pocula
764 2377 878 2412 mensa:

246 2431 301 2484 Hic
313 2449 392 2500 amor,
404 2432 454 2485 hoc
466 2433 585 2484 studium
595 2450 602 2495 ;
620 2432 685 2483 dum
697 2447 771 2483 sacra
783 2430 913 2482 secundus
924 2429 1058 2500 haruspex

245 2500 272 2553 N
273 2501 372 2568 unciet,
385 2518 416 2553 ac
427 2502 500 2553 lucos
512 2508 589 2555 vocet
600 2500 688 2552 hostia
700 2499 807 2568 pinguis
819 2499 847 2550 in
859 2499 949 2551 altos.'’
1040 2501 1091 2554 740

246 2570 314 2622 Haec
326 2570 429 2638 effatus,
442 2587 540 2638 equum
551 2571 580 2621 in
591 2570 691 2621 medios
703 2569 846 2620 moriturus
858 2567 954 2636 etipse

246 2639 375 2706 Concitet,
388 2644 415 2691 et
428 2639 531 2692 Venulo
543 2639 683 2692 adversum
694 2656 722 2690 se
734 2636 856 2690 turbidus
867 2637 957 2704 infert,

244 2708 445 2777 Deroptumque
456 2709 490 2761 ab
503 2725 569 2776 equo
582 2708 676 2761 dextra
689 2706 874 2774 complectitur
885 2706 1003 2772 hostem,

244 2777 282 2832 Et
294 2777 425 2846 gremium
436 2783 499 2830 ante
510 2794 589 2830 suum
601 2776 691 2832 multa
702 2777 732 2833 ri
744 2775 871 2831 conditus
881 2776 992 2827 autent.

241 2847 355 2899 Tollitur
362 2846 392 2898 in
405 2846 501 2901 eoelum
516 2849 638 2918 clamor;
657 2850 815 2921 cunctique
823 2843 932 2902 habim
