2700 3242
254 288 304 338 248
507 284 673 339 AENEIDOS
691 286 757 340 LlB.
776 285 841 354 Vll.

289 387 350 455 lpse
361 386 431 439 inter
442 385 539 456 primos
551 386 690 456 praestanti
701 404 807 462 corpore
819 387 923 440 Turnus

254 455 375 508 Vertitur
386 473 459 508 arma
471 461 571 520 tenens,
583 461 611 508 et
622 462 678 508 toto
690 458 788 509 vertice
802 474 881 525 supra
893 462 949 510 est:

254 525 303 576 Cui
316 525 415 593 triplici
427 525 523 577 crinita
530 525 598 592 juba
609 525 686 591 galea
697 525 753 578 alta
767 525 924 578 Ohimaeram

254 594 380 662 Sustinet,
392 593 508 646 AEtnaeos
520 593 651 645 efflantem
663 593 784 646 faucibus
796 594 887 662 ignes;

254 663 318 715 Tam
330 663 414 731 magis
426 662 474 715 illa
485 663 605 729 fremens,
618 669 645 715 et
657 663 778 715 tristibus
790 663 869 716 effera
880 663 1001 733 flmmis,

254 732 340 794 Quam
351 732 435 800 magis
448 732 529 784 effuso
541 732 700 784 crudescunt
712 733 840 800 sanguine
852 750 957 802 pugnae.
1031 748 1036 758 ·

253 802 291 854 At
303 802 387 854 levem
399 801 433 852 cli
467 819 513 852 um
526 800 636 853 sublatis
649 801 769 853 cornibus
783 801 812 852 Io

254 871 325 922 Auro
338 870 435 937 insigni
453 876 488 935 at,
497 872 555 938 jam
567 870 637 922 'saetis
649 870 740 934 obsita,
749 872 807 938 jam
818 869 872 939 boe,
1049 874 1100 926 790

254 939 448 1006 Argumentum
460 939 559 1006 ingens,
572 945 599 991 et
611 946 698 991 custos
710 940 820 1006 virginis
832 939 927 1008 Argus,

254 1008 403 1077 Caelataque
414 1025 519 1060 amnem
530 1008 644 1060 fundens
656 1014 732 1076 pater
744 1009 859 1061 Inachus
871 1027 945 1063 urna

255 1078 407 1146 Insequitur
419 1077 523 1128 nimbus
535 1077 662 1145 peditum,
675 1077 841 1146 clipeataque
852 1079 915 1130 totis

253 1148 369 1214 Agmina
381 1147 525 1198 densentur
537 1146 642 1214 campis,
656 1147 809 1215 Argivaque
820 1147 910 1215 pubes,

253 1215 436 1283 Auruncaequc
448 1232 550 1283 manus,
564 1216 665 1282 Rutuli,
678 1221 831 1296 veteresque
842 1215 939 1284 Sicani,

253 1285 289 1337 Et
302 1285 420 1338 Sacranae
433 1285 509 1352 acics,
522 1291 549 1337 et
561 1285 626 1353 picti
639 1292 715 1336 scuta
727 1285 833 1337 Lehrci:

254 1354 306 1417 Qui
319 1355 408 1420 saltus,
421 1353 549 1420 Tiberine,
561 1360 627 1420 tuos,
641 1371 796 1422 sacrumque
807 1353 915 1406 Numici

253 1423 329 1475 Litus
341 1429 426 1490 arant,
439 1423 603 1491 Rutulosque
616 1428 739 1474 exercent
751 1440 854 1475 vomere
866 1424 952 1491 colles,

254 1493 434 1560 Circaeumque
442 1494 540 1560 jugum
550 1511 557 1555 ;
576 1492 649 1560 queis
661 1492 771 1560 Jupiter
782 1491 909 1545 Anxurus
921 1493 992 1547 arvis

254 1561 387 1628 Praesidet,
400 1567 426 1613 et
438 1562 518 1613 viridi
530 1561 647 1628 gaudens
660 1561 771 1613 Feronia
783 1561 857 1625 luco;
1046 1565 1098 1617 800

254 1632 312 1693 Qua
325 1631 427 1683 Saturae
435 1632 509 1698 jacet
521 1637 579 1683 atra
591 1631 675 1700 palus,
688 1630 842 1698 gelidusque
854 1648 901 1698 per
912 1631 980 1684 imas

254 1699 354 1764 Quaerit
366 1700 417 1752 iter
429 1699 510 1752 valles
523 1705 602 1766 atque
615 1701 643 1750 in
655 1717 728 1752 mare
740 1699 863 1751 conditur
875 1700 965 1753 Ufens.

288 1769 344 1820 Hos
357 1786 434 1837 super
446 1767 554 1820 advenit
567 1768 661 1821 Volsca
673 1769 796 1835 degente
809 1768 927 1835 Camilla,

253 1837 356 1904 Agmen
368 1855 448 1905 agens
461 1837 581 1905 equitum
594 1844 621 1890 et
633 1838 754 1889 florentes
767 1854 817 1889 aere
829 1843 955 1906 catervas,

253 1907 398 1960 Bellatrir:
417 1924 470 1958 non
482 1906 529 1958 illa
541 1907 597 1959 colo
610 1907 895 1959 calathisveMinervee

252 1975 389 2028 Femineas
401 1983 506 2028 assueta
517 1993 620 2041 manus,
634 1976 679 2028 sed
691 1976 784 2044 proelia
795 1975 869 2042 virgo

252 2045 326 2098 Dura
338 2046 402 2114 pati,
415 2063 544 2113 cursuque
556 2046 653 2113 pedum
665 2052 821 2113 praevertere
834 2050 932 2099 ventos.

252 2115 304 2167 Illa
316 2116 357 2166 vel
370 2115 478 2167 intactae
491 2115 585 2181 segetis
598 2132 645 2182 per
655 2131 757 2166 summa
769 2113 869 2167 volaret

253 2185 385 2251 Gramine,
398 2201 446 2236 nec
458 2189 561 2236 teneras
573 2201 651 2235 cursu
663 2183 771 2235 laesisset
783 2183 891 2247 aristas;

252 2253 301 2305 Vel
314 2272 385 2305 mare
397 2271 443 2322 per
454 2253 579 2320 medium,
591 2252 674 2305 fluctu
689 2269 815 2320 suspensa
826 2252 948 2319 tumenti,
1046 2259 1098 2308 810

251 2322 343 2374 Ferret
355 2323 411 2389 iter,
425 2323 519 2374 celeres
531 2340 580 2374 nec
592 2323 707 2390 tingeret
719 2339 822 2389 aequore
835 2322 946 2389 plantus.

252 2391 330 2443 Illam
343 2392 426 2443 omnis
439 2392 515 2443 tectis
527 2392 648 2459 agrisque
661 2391 743 2443 effusa
750 2393 879 2459 juventus

251 2460 390 2528 Turbaque
401 2461 513 2512 miratur
525 2468 648 2527 matrum,
661 2467 688 2512 et
700 2466 849 2528 prospectat
861 2465 976 2527 euntem,

251 2530 380 2582 Attonitis
392 2530 498 2582 inhians
510 2530 620 2582 animis:
639 2536 670 2582 ut
682 2530 770 2596 regius
782 2536 851 2582 ostro

252 2599 329 2651 Volet
341 2599 422 2651 honos
434 2598 503 2651 leves
516 2600 644 2666 humeros,
657 2605 689 2651 ut
701 2599 783 2651 fibula
795 2599 893 2651 crinem

250 2668 323 2720 Auro
335 2668 512 2732 internectat3
530 2669 638 2736 Lyciam
649 2675 681 2720 ut
693 2675 768 2735 gerat
780 2669 836 2736 ipsa
848 2669 1007 2736 pharetram,

235 2736 278 2789 Et
285 2738 452 2809 pastoralem
464 2737 576 2814 prefixa
588 2738 696 2810 cuspide
706 2745 831 2807 myrtum
