2700 3242
501 302 706 357 eucnemon
725 302 791 355 LIB.
810 302 847 356 11.
1070 314 1103 363 45

251 403 315 457 Illos
326 402 361 455 ad
374 402 460 472 prima
472 408 554 456 tenax
567 421 574 467 ;
592 402 693 455 animas
706 409 733 455 et
745 403 844 456 olentia
856 402 929 456 Medi

251 472 306 526 Ora
317 473 410 525 fovent
422 472 476 538 illo,
489 478 517 524 et
529 472 634 525 senibus
646 473 814 524 medicantur
825 472 934 526 anhelis.

286 541 340 595 Sed
351 559 437 610 neque
449 541 594 608 Medorum,
608 541 680 594 silvae
693 541 830 606 ditissima,
843 548 920 608 terra,

250 610 308 664 Nec
320 611 431 680 pulcher
443 612 554 679 Ganges,
566 617 647 679 atque
658 628 722 663 auro
734 610 857 663 turbidus
869 611 991 676 Hermus,

251 679 391 733 Laudibus
403 680 491 732 Italiae
505 686 622 744 certeut;
640 697 694 732 non
706 679 810 745 Bactra,
823 696 908 760 neque
921 680 988 747 Indi,

251 749 373 818 lotoque
384 749 521 802 thuriferis
533 749 670 801 Panchaia
682 749 789 817 pinguis
801 765 894 802 areius.

252 818 320 872 Haec
331 819 390 870 loca
400 836 454 871 non
467 818 537 871 tauri
550 818 680 886 spirantes
692 817 799 869 naribus
811 817 900 884 iguem
1054 821 1103 868 140

252 887 399 954 Invertcre,
412 888 475 940 satis
486 887 609 940 immanis
622 886 746 939 dentibus
758 886 836 954 hydri
847 904 854 950 3

251 956 310 1011 Nec
322 957 405 1025 galeis
418 957 555 1024 densisque
567 956 654 1008 virum
666 973 739 1022 seges
750 955 853 1008 horruit
865 955 964 1008 hastis:

253 1027 306 1080 Sed
318 1026 434 1094 gravidae
446 1026 536 1094 fruges
548 1029 575 1078 et
587 1025 687 1078 Bacchi
696 1025 825 1077 Massicus
837 1025 930 1076 humor

254 1095 420 1164 Implevere3
438 1101 531 1147 tenent
543 1095 605 1148 cleae
618 1101 791 1162 armentaque
803 1094 872 1147 lata.

254 1164 328 1216 Hinc
340 1163 453 1216 bellator
465 1180 547 1231 equus
560 1180 652 1232 campo
665 1180 720 1216 sese
732 1164 831 1216 arduus
843 1163 941 1222 infcrt3

254 1233 328 1286 Hinc
340 1233 402 1300 albi,
416 1233 555 1300 Clitumne,
568 1250 667 1301 greges,
680 1238 707 1285 et
718 1233 837 1285 maxima
848 1237 940 1285 taurus

255 1302 381 1369 Victima,
394 1319 463 1370 saepe
474 1308 520 1354 tuo
533 1303 632 1371 perfusi
644 1303 753 1355 flumine
765 1318 845 1368 sacro,

255 1371 388 1424 Romanos
400 1372 436 1424 ad
448 1371 549 1440 templa
561 1371 641 1424 deirm
652 1372 752 1424 duxere
765 1369 920 1438 triumphos.

256 1440 311 1493 Hic
322 1457 370 1493 ver
381 1441 522 1507 assiduum,
535 1446 616 1508 atque
628 1440 722 1493 alienis
733 1439 866 1492 mensibus
880 1450 955 1492 astas
966 1459 973 1503 ;

256 1509 303 1562 Bis
315 1509 430 1578 gravidae
443 1511 565 1579 pecudes,
576 1510 617 1562 bis
629 1510 713 1578 pomis
727 1509 799 1563 utilis
811 1509 893 1562 arbos.
1056 1512 1099 1562 15(

272 1585 295 1632 .t
306 1579 404 1632 rabidae
416 1580 497 1647 tigres
510 1579 607 1632 absunt
620 1585 647 1631 et
659 1595 729 1632 saeva
740 1579 846 1631 leonum

257 1646 381 1712 Senium
400 1666 448 1701 nec
460 1649 567 1701 miseros
579 1648 679 1701 fallunt
691 1649 797 1701 aconita
809 1648 925 1716 legentes
936 1668 943 1711 ;

256 1717 283 1769 N
283 1734 313 1770 ec
325 1718 397 1786 rapit
409 1719 548 1770 immensos
560 1717 633 1770 orbes
645 1735 694 1786 per
706 1718 823 1784 humum,
836 1735 920 1786 neque
934 1725 1008 1770 tanto

293 1804 404 1839 nameus
416 1787 445 1839 in
458 1788 556 1855 spiram
567 1793 657 1840 tractu
669 1804 696 1840 se
708 1786 809 1855 colligit
821 1787 922 1854 anguis.

255 1855 280 1907 A
300 1856 332 1908 de
344 1861 385 1909 tot
396 1856 514 1924 egregias
526 1856 611 1924 urbes,
623 1874 784 1925 operumque
796 1856 919 1925 laborem,

256 1925 308 1977 rot
320 1932 444 1993 congesta
456 1943 538 1978 manu
550 1926 691 1994 praeruptis
703 1926 800 1995 oppida
812 1926 891 1991 saxis,

256 1993 434 2063 Fluminaque
446 1995 570 2063 antiquos
582 1995 789 2048 subterlabentia
800 2013 895 2048 muros.

256 2063 301 2116 An
313 2081 393 2131 mare,
407 2065 476 2132 quod
489 2082 575 2133 supra,
588 2082 736 2132 memorem,
750 2065 871 2133 quodque
883 2064 962 2117 alluit
973 2064 1063 2117 iuirul

257 2133 336 2185 Arme
347 2133 420 2185 lacus
432 2134 540 2186 tentosl
559 2139 593 2202 te,
606 2134 667 2186 Lari
679 2135 801 2201 maxime,
814 2141 900 2203 teque,

257 2202 398 2255 Fluctibus
409 2209 437 2255 et
448 2203 558 2256 fremitu
570 2221 716 2272 assurgens,
729 2205 839 2271 Benace,
852 2201 974 2256 marinol
1057 2205 1106 2256 loc

257 2272 301 2323 An
313 2289 454 2324 memorem
466 2280 565 2341 portus,
579 2273 746 2341 Lucrinoque
758 2274 851 2326 addita
863 2272 988 2339 claustra,

256 2341 349 2408 Atque
360 2341 530 2409 indignatum
542 2343 645 2410 magnis
658 2343 813 2395 stridoribus
825 2359 920 2409 aequcr,

256 2410 277 2463 J
278 2410 335 2463 ulia
347 2428 401 2478 qua
412 2417 492 2479 ponto
504 2412 582 2481 longe
595 2418 670 2465 sonat
682 2413 754 2464 unda
766 2412 861 2478 refuso,

256 2480 461 2549 Tyrrhenusque
471 2482 547 2534 fretis
558 2483 714 2534 immittitur
726 2487 805 2533 astus
818 2480 929 2533 Auernis
940 2480 950 2533 l

257 2549 323 2602 Haec
336 2549 428 2601 eadem
440 2552 544 2618 argenti
555 2552 624 2603 rivos
637 2552 746 2618 aerisque
758 2551 866 2603 metalla

258 2619 382 2671 Ostendit
394 2618 474 2686 venis,
484 2625 564 2688 atque
576 2638 640 2673 auro
652 2621 767 2688 plurima
779 2620 865 2673 fluxit.

257 2688 324 2740 Haec
336 2705 420 2756 genus
432 2705 491 2741 acre
503 2690 598 2756 virdm,
611 2690 711 2741 Marsos
724 2690 872 2760 pubemque
885 2688 1025 2757 Sabellam,

258 2757 451 2834 Assuetumque
459 2758 530 2810 malo
540 2759 675 2830 ligurem,
691 2761 857 2837 Volscosque
867 2768 979 2820 verutos

247 2824 373 2884 ΕιιιιΙιιί
386 2825 446 2878 dac
457 2826 560 2900 Decios,
574 2831 688 2908 Marios,
702 2856 883 2914 magnosque
893 2836 1042 2905 (lambos,
