2700 3242
511 305 716 362 cnoafflcou
733 306 802 367 ΜΒ.
820 307 857 361 11.
1079 314 1112 362 43

267 405 399 472 Cogendae
410 405 439 457 in
451 405 562 472 sulcum,
575 423 606 458 ac
617 407 705 460 multa
716 407 836 460 mercede
848 407 993 461 domanda

267 475 320 528 sed
332 475 434 527 tnrncis
446 475 509 526 oleae
521 475 623 541 melius,
636 478 781 544 propagine
793 477 861 529 vites

267 544 447 612 Respondent,
459 544 542 596 solido
555 544 662 612 Paphiae
674 545 708 597 de
719 545 809 597 robore
821 551 924 612 myrtus
934 564 942 609 ς

267 612 372 664 Plantis
384 618 412 665 et
423 613 495 664 durae
507 613 591 665 coruli
603 620 755 680 nascuntur,
768 619 795 666 et
807 614 900 681 ingens

267 682 409 749 Fraxinus,
422 682 611 750 Herculeaeque
622 682 698 735 arbos
711 682 834 735 umbrosa
845 699 953 748 corona,

267 751 431 818 Chaoniique
441 752 524 819 patris
536 750 644 818 glandes
655 770 662 815 3
681 752 762 803 etiam
773 752 857 804 ardua
868 752 957 820 pehna

266 820 400 886 Nascitur,
413 827 441 872 et
452 837 527 872 cestu
539 819 610 872 abies
622 819 713 875 visum
724 820 845 874 marinos.

267 889 398 941 Inseritur
410 906 471 942 vero
483 897 510 941 et
519 888 596 941 nucis
607 887 718 939 arbutus
729 887 835 940 horrida
845 887 902 940 fetu
915 908 922 952 ;

266 958 304 1011 Et
317 957 419 1010 steriles
430 958 533 1026 platani
545 957 627 1010 malos
639 974 741 1025 gessere
753 957 888 1021 valentes;
1081 963 1114 1013 70

267 1027 403 1079 Castanea
414 1026 499 1094 fagus,
511 1043 642 1094 ornusque
654 1026 774 1079 incanuit
786 1026 845 1078 albo

266 1097 344 1148 Flore
357 1096 415 1164 piri,
427 1096 603 1163 glandemque
615 1113 673 1148 sues
686 1095 786 1162 fregere
799 1095 847 1147 sub
859 1095 945 1148 ulmis.

303 1165 360 1218 Nec
370 1166 464 1217 modus
475 1165 588 1218 inserere
600 1170 681 1232 atque
693 1164 780 1216 oculos
792 1164 925 1232 imponere
937 1165 1056 1233 simplex.

266 1234 293 1286 N
293 1251 345 1300 am,
359 1251 412 1303 qua
424 1251 451 1286 se
461 1235 548 1287 medio
560 1235 674 1286 trudunt
686 1233 720 1284 de
731 1234 827 1286 cortice
839 1250 957 1300 gemmae,

266 1303 304 1356 Et
315 1309 409 1356 teneus
419 1310 548 1372 rumpunt
559 1304 672 1366 tunicas,
685 1308 815 1370 angustus
826 1302 855 1353 in
866 1302 923 1369 ipso

267 1372 313 1424 Fit
325 1372 393 1424 nodo
405 1373 477 1424 sinus
487 1391 493 1425 :
511 1373 565 1425 huc
576 1370 664 1425 aliena
675 1389 710 1424 ex
722 1371 813 1423 arbore
825 1387 932 1438 germen

267 1441 422 1508 includunt,
433 1442 537 1509 udoque
549 1442 644 1494 docent
655 1441 797 1493 inolescere
809 1439 881 1494 libro.

265 1511 323 1563 Aut
335 1528 441 1562 rursum
452 1512 547 1564 enodes
559 1511 647 1563 trunci
660 1516 819 1576 resecantur,
832 1515 858 1562 et
870 1509 925 1562 alte

265 1579 393 1632 Finditur
404 1580 433 1632 in
445 1580 558 1633 solidum
570 1580 660 1632 cuneis
672 1579 734 1643 via3
752 1579 846 1631 deinde
858 1580 956 1632 feraces

265 1646 369 1700 Planta
381 1649 577 1702 immittuntur:
595 1666 644 1701 nec
656 1648 766 1716 longum
778 1654 890 1717 tempus,
902 1655 929 1703 et
940 1649 1033 1717 ingens
1078 1654 1111 1701 sc

265 1716 342 1769 Exiit
354 1717 388 1769 ad
401 1718 496 1771 coelrrm
507 1719 588 1771 ramis
599 1718 721 1770 felicibus
734 1717 816 1784 arbos,

264 1785 434 1854 Miraturque
446 1805 526 1840 novas
538 1788 643 1840 frondes
655 1793 683 1839 et
695 1805 748 1840 non
760 1805 808 1839 sua
819 1804 904 1855 poma.

301 1855 432 1908 Praeterea
443 1874 526 1924 genus
538 1857 611 1910 haud
624 1874 715 1923 unum,
727 1874 776 1909 nec
787 1857 900 1909 fortibus
911 1856 998 1923 ulmis,

264 1924 291 1976 N
291 1941 321 1978 ec
333 1925 408 1977 salici
419 1925 532 1994 lotoque,
544 1943 629 1994 neque
642 1926 720 1978 Idaeis
732 1926 877 1994 cyparissis.

264 1994 291 2046 N
292 2011 321 2046 ec
333 1995 445 2063 pingues
457 2013 539 2048 unam
550 1996 579 2048 in
590 1995 687 2048 faciem
697 2001 843 2048 nascuntur
854 1996 937 2063 oliva,

265 2063 406 2130 Orchades,
418 2072 446 2116 et
457 2065 532 2132 radii,
545 2070 572 2117 et
584 2082 674 2117 amara
685 2065 779 2132 pausia
790 2065 877 2131 bacca,

264 2131 405 2201 Pomaque,
418 2140 445 2186 et
456 2134 561 2187 Alcinoi
574 2134 645 2187 silva
656 2153 663 2198 ;
681 2151 729 2186 nec
742 2135 862 2187 surculus
873 2135 944 2187 idem

264 2202 423 2254 Crustumiis
435 2203 568 2272 Syriisque
580 2204 651 2273 piris,
663 2204 839 2272 gravibusque
851 2204 966 2257 volemis.

264 2271 325 2325 Non
338 2272 430 2325 eadem
441 2273 576 2326 arboribus
588 2273 687 2342 pendet
698 2273 832 2326 vindemia
843 2274 949 2336 nostris,

265 2341 351 2405 Quam
363 2341 542 2410 Methymnaeo
554 2342 639 2411 carpit
651 2343 683 2394 de
696 2342 805 2410 palmite
818 2342 930 2406 Lesbos;
1075 2347 1109 2395 90

264 2409 334 2462 Sunt
346 2410 448 2462 Thasia
461 2412 535 2478 vites,
544 2419 607 2465 sunt
619 2418 646 2465 et
659 2412 819 2464 Mareotides
831 2411 906 2477 albae,

263 2479 413 2547 Pinguibus
425 2480 466 2532 ha
478 2482 553 2533 terris
565 2481 673 2547 habiles,
686 2481 825 2532 levioribus
837 2480 907 2544 illae3
973 2507 976 2512 ·

263 2548 300 2600 Et
312 2565 388 2617 passo
400 2549 504 2603 Psithia
515 2551 613 2617 utilior,
626 2551 765 2616 tenuisque
778 2550 883 2616 Lageos,

263 2618 411 2671 Tentatura
422 2619 501 2686 pedes
513 2620 583 2686 olim,
596 2620 770 2687 vincturaque
782 2619 919 2686 liuguam3

263 2686 415 2756 Purpurea,
427 2690 571 2756 precisque
582 2707 589 2751 3
607 2695 634 2741 et
646 2706 699 2757 quo
711 2695 738 2740 te
751 2690 864 2741 carmine
877 2689 971 2756 dicans,

264 2756 403 2808 Rhaetica?
416 2774 467 2807 nec
477 2758 550 2810 cellis
560 2758 621 2813 ideo
634 2759 766 2817 contende
779 2760 911 2820 Falernus.

250 2823 323 2873 ΒΨ
332 2827 361 2872 ⁰²
368 2823 497 2880 mm
510 2828 586 2900 ΠΜ
600 2831 762 2896 firmissima
775 2838 859 2911 vina,
