2700 3242
502 326 668 380 AENEIDOS
686 327 753 381 LIB.
772 328 834 382 XII.
1034 328 1086 384 357

245 426 374 493 Ignorans
384 446 391 491 ;
410 427 547 497 subitoque
559 431 643 482 omnis
656 431 688 482 de
700 447 806 498 corpore
817 431 890 499 fugit

245 495 350 563 Quippe
362 497 435 548 dolor
445 516 452 562 ;
470 500 553 550 omnis
566 500 641 551 stetit
653 500 706 551 imo
718 501 827 552 vulnere
839 500 953 568 sanguis.

243 563 265 616 J
265 582 307 616 am
326 582 360 617 ue
372 573 462 619 secuta
473 585 588 634 manum,
602 569 675 620 nullo
688 575 797 636 cogente
817 571 915 637 sagitte

243 583 360 702 Excidit,
372 642 453 713 atque
465 654 538 688 novae
551 638 650 714 rediere
662 638 691 689 in
702 611 816 714 pristinh
827 639 902 691 vires.

245 701 261 728 “
269 701 351 752 Arma
362 706 409 753 c1t1
421 708 558 770 properate
572 719 627 754 vrro
640 707 646 758 1
666 703 730 770 quld
744 705 819 756 statis
829 703 855 756 l”
874 703 947 772 Iapis

245 767 404 836 Conclamat,
416 771 567 839 primusque
579 772 679 824 animos
691 773 813 825 accendit
824 773 853 824 in
864 771 973 826 hostem.

244 837 259 864 “
268 837 294 888 N
295 854 329 888 on
341 836 397 890 haec
409 839 532 892 humanis
545 839 644 908 opibus,
655 857 710 892 non
721 848 778 894 arte
789 841 916 908 magistra

243 906 414 975 Proveniunt,
426 926 511 976 neque
524 913 559 975 te,
571 908 662 975 AEnea,
674 924 734 959 mea
745 908 855 959 dextera
867 911 971 968 serrat3

243 976 331 1045 Major
342 977 399 1044 agit
411 977 483 1043 deus,
496 983 576 1044 atque
588 994 667 1045 opera
680 977 714 1028 ad
726 978 826 1044 majora
836 976 973 1029 renrittit.''

244 1045 296 1097 Ille
308 1046 401 1098 aridus
414 1063 511 1114 pugnae
524 1063 597 1098 suras
609 1046 754 1098 incluserat
765 1061 831 1098 auro
1034 1047 1087 1099 430

243 1113 316 1166 Hinc
328 1121 409 1182 atque
420 1115 490 1181 hinc,
503 1115 611 1183 oditque
622 1133 715 1181 moras,
728 1115 884 1183 hastamque
895 1118 1023 1168 coruscat.

243 1181 388 1252 Postquam
399 1183 495 1236 habilis
507 1184 585 1236 lateri
598 1184 698 1253 clipeus
710 1183 842 1251 loricaque
854 1189 928 1251 tergo
940 1189 989 1252 est,

242 1251 386 1304 Ascanium
398 1253 466 1305 fusis
478 1253 577 1305 circum
590 1253 773 1321 complectitur
785 1253 872 1319 armis,

242 1321 403 1390 Summaque
415 1340 462 1390 per
473 1322 576 1389 galeam
588 1320 706 1373 delibans
719 1321 807 1373 oscula
818 1322 903 1374 fatur:

244 1392 261 1416 “
268 1387 355 1455 Disce,
368 1410 441 1461 puer,
453 1392 582 1445 virtutem
593 1408 627 1444 ex
638 1407 682 1442 me
693 1404 838 1455 verumque
849 1387 984 1453 laborem3

243 1458 390 1511 Fortunam
402 1477 435 1511 ex
448 1459 513 1512 aliis.
543 1460 621 1511 Nunc
634 1464 660 1510 te
672 1475 732 1510 mea
743 1459 853 1510 dextera
864 1459 933 1509 bello

242 1526 388 1580 Defensum
400 1527 482 1595 dabit,
494 1533 521 1580 ct
533 1545 631 1595 magna
642 1528 714 1579 inter
743 1527 834 1579 raemia
845 1527 931 1580 ducet.

243 1596 284 1649 Tu
295 1596 385 1665 facito,
393 1615 455 1649 mox
468 1614 550 1665 quum
562 1603 667 1649 matura
679 1545 823 1648 adoleverit
834 1601 907 1663 retas,

242 1665 285 1718 Sis
296 1683 401 1732 memor,
414 1671 442 1717 et
453 1671 488 1733 te,
500 1666 588 1718 animo
600 1672 763 1734 repetentem
775 1666 896 1734 exempla
908 1671 1023 1733 tuorum,

242 1735 279 1788 Et
291 1740 367 1804 pater
377 1735 483 1801 AEneas,
496 1740 522 1786 et
535 1736 683 1788 avunculus
695 1735 794 1788 excitet
806 1731 928 1788 Hector.”
1034 1735 1087 1786 440

279 1805 344 1856 Haec
357 1802 403 1856 ubi
415 1804 487 1856 dicta
499 1804 580 1872 dedit,
592 1805 674 1873 portis
687 1822 741 1856 sese
754 1805 852 1857 extulit
864 1805 965 1872 ingens,

242 1873 336 1925 Telum
348 1874 462 1926 immane
473 1891 555 1926 manu
567 1874 705 1942 quatiens:
724 1873 803 1925 simul
815 1875 920 1940 agmine
932 1874 1013 1925 denso

241 1942 416 2011 Antheusque
428 1942 636 2011 Mnestheusque
647 1947 730 1994 ruunt
741 1960 749 2005 ;
766 1943 902 2010 omnisque
913 1942 1013 1994 relictis

241 2010 331 2064 Turba
343 2011 404 2064 fluit
416 2013 515 2064 castris.
545 2013 614 2063 Tum
626 2028 695 2064 caeco
706 2010 815 2078 pulvere
827 2027 936 2078 campus

241 2080 378 2147 Miscetur,
391 2081 522 2149 pulsuque
534 2082 632 2149 pedum
645 2080 736 2132 tremit
748 2080 836 2130 excita
847 2079 935 2131 tellus.

241 2150 320 2202 Vidit
332 2149 365 2202 ab
377 2151 485 2203 adverso
497 2151 632 2203 venientes
644 2165 739 2216 aggere
751 2149 863 2214 Tirinus,

241 2219 339 2271 Videre
352 2220 469 2285 Ausonii,
482 2220 636 2287 gelidusque
648 2235 695 2287 per
706 2218 760 2269 ima
773 2217 890 2268 cucurrit

241 2289 308 2342 Ossa
321 2294 423 2342 tremor.
454 2288 543 2341 Prima
555 2294 617 2340 ante
629 2304 718 2340 omnes
731 2287 750 2338 J
751 2292 849 2338 utuma
861 2283 968 2338 Latinos

241 2358 338 2411 Audiit
349 2358 509 2425 agnovitque
522 2375 621 2423 sonum,
635 2362 662 2409 et
673 2356 828 2408 tremefacta
839 2353 946 2421 refugit.

241 2427 293 2480 Ille
305 2427 384 2493 volat,
397 2443 540 2494 campoque
552 2437 641 2478 atrum
652 2425 723 2493 rapit
734 2441 830 2491 agmen
842 2430 949 2492 aperto:
1033 2425 1087 2477 450

242 2495 335 2561 Qualis
346 2496 393 2547 ubi
405 2496 439 2548 ad
451 2502 534 2547 terras
546 2495 658 2562 abrupto
671 2494 754 2545 sidere
766 2493 871 2544 nimbus

242 2566 271 2618 It
282 2582 354 2617 mare
365 2582 413 2634 per
423 2565 555 2616 medium:
574 2563 682 2629 miseris,
694 2563 754 2627 heu,
767 2563 876 2628 praescia
886 2561 965 2630 longe

241 2634 406 2687 Horresctmt
418 2634 496 2685 corda
508 2632 644 2700 agricolis;
662 2631 736 2684 dabit
748 2631 793 2683 ille
806 2632 896 2683 minas

241 2701 394 2770 Arboribus,
407 2708 572 2770 stragemque
584 2701 663 2765 satis;
681 2707 742 2752 ruet
753 2701 842 2753 omnia
853 2700 923 2763 late3

241 2774 315 2825 Ante
326 2772 424 2839 volant,
437 2771 606 2841 sonitumque
617 2770 712 2825 ferunt
722 2770 856 2825 adhtora
862 2769 967 2823 rente

237 2841 310 2893 Palis
317 2840 347 2891 r'n
358 2841 483 2898 adversos
495 2842 595 2901 ductor
608 2843 762 2903 lthoeteius
767 2842 870 2898 hostes

1148 2838 1161 2866 N
