2700 3242
266 305 318 356 ala
482 305 511 360 P.
531 305 685 358 VIRGILII
703 305 865 359 MARONIS

267 406 347 460 Melle
359 413 509 475 soporatam
521 413 548 459 et
560 407 697 459 medicatis
709 406 831 474 frugibus
843 407 922 459 offam

267 475 373 543 Objicit.
403 476 453 529 llle
465 477 536 529 fame
547 477 640 529 rabida
652 478 705 527 tria
716 483 828 542 guttura
839 477 959 545 pandens

267 544 380 614 Corripit
391 544 527 613 objectam,
540 551 621 613 atque
633 546 760 597 immania
772 552 847 612 terga
858 545 967 599 resolvit

266 613 352 675 Fusus
364 615 447 681 humi,
459 621 568 682 totoque
580 615 673 681 ingens
686 615 840 666 extenditur
851 621 936 667 antro.

267 683 386 752 Occupat
398 684 495 737 AEneas
506 685 610 737 aditum
623 683 731 735 custode
744 683 855 751 sepulto,

265 752 416 821 Evaditquc
428 754 496 806 cclcr
506 754 592 821 ripam
603 752 774 804 irremeabilis
786 753 872 806 undae.

267 822 398 875 Continuo
410 824 510 875 auditae
522 839 604 888 voces,
617 822 725 888 vagitus
738 828 765 873 et
777 821 871 888 ingens
891 836 899 845 ·

266 890 458 958 Infantumque
470 892 564 944 anima
576 891 677 958 fientes,
689 891 718 942 in
730 891 822 943 limine
835 892 937 958 primo:

267 961 337 1024 Quos
350 961 433 1012 dulcis
446 961 507 1013 vitae
520 966 643 1026 exsortes,
656 966 683 1011 et
695 960 729 1012 ab
742 959 821 1011 ubere
832 967 930 1029 raptos,

266 1030 387 1082 Abstulit
398 1034 456 1082 atra
469 1030 532 1096 dies,
544 1036 571 1081 ct
582 1030 675 1080 funere
687 1029 778 1080 mersit
790 1029 890 1083 acerbo.

267 1097 322 1151 Hos
331 1101 413 1168 juxta
423 1099 490 1151 falso
502 1099 621 1150 damnati
634 1099 744 1149 crimine
755 1099 853 1151 mortis

265 1167 293 1220 N
293 1184 322 1220 ec
334 1185 394 1220 vero
406 1170 447 1220 hae
459 1168 515 1220 sine
527 1174 596 1220 sorte
608 1168 686 1234 datae,
699 1168 754 1219 sine
763 1169 860 1233 judice,
874 1168 955 1222 sedes,

266 1236 397 1300 Quasitor
409 1238 496 1290 Minos
507 1255 603 1290 urnam
614 1243 718 1301 movet;
735 1237 781 1288 ille
793 1236 919 1290 silentum

267 1306 465 1375 Conciliumque
477 1314 561 1375 vocat,
573 1308 694 1374 vitasque
707 1313 734 1358 et
746 1306 857 1358 crimina
869 1307 954 1360 discit.

303 1376 427 1429 Proxima
440 1377 534 1429 deinde
546 1383 639 1428 tenent
650 1376 736 1427 maesti
748 1376 812 1442 loca,
826 1377 873 1442 qui
885 1376 935 1430 sibi
947 1377 1034 1430 letum

267 1443 388 1498 Insontes
400 1463 523 1515 peperere
535 1463 624 1512 manu,
637 1446 775 1513 lucemque
788 1447 871 1512 perosi

266 1512 401 1582 Projecere
413 1516 521 1568 animas.
553 1515 638 1579 Quam
650 1514 749 1566 vellent
762 1514 859 1566 aethere
870 1515 899 1565 in
911 1515 966 1568 alto

266 1582 345 1637 Nunc
357 1589 384 1636 ct
395 1585 548 1652 pauperiem
561 1591 588 1635 et
600 1583 679 1636 duros
691 1585 805 1652 perferre
817 1583 934 1637 labores!

269 1651 320 1705 Fas
333 1652 426 1718 obstat,
439 1653 560 1721 tristique
573 1653 649 1720 palus
661 1653 810 1704 inamabilis
822 1653 896 1705 unda

267 1721 378 1790 Alligat,
390 1728 418 1773 et
429 1723 518 1773 novies
531 1722 598 1789 Styx
610 1723 741 1773 interfusa
753 1724 863 1774 coercet.

267 1790 323 1844 Nec
332 1791 423 1860 procul
432 1791 495 1842 hinc
504 1797 606 1859 partem
618 1791 671 1842 fusi
684 1798 864 1843 monstrantur
871 1791 899 1842 in
909 1809 1014 1844 omnem

267 1859 400 1928 Lugentes
412 1860 499 1928 campi
506 1879 513 1925 ;
530 1861 566 1912 sic
579 1861 637 1911 illos
650 1862 755 1911 nomine
767 1861 867 1912 dicunt.

267 1929 329 1996 Hic,
342 1947 405 1998 quos
418 1929 499 1980 durus
512 1947 583 1981 amor
596 1930 696 1981 crudeli
708 1929 769 1981 tabe
781 1930 890 1997 peredit,

269 1998 368 2052 Secreti
381 1999 468 2051 celant
481 1999 568 2066 calles,
581 2005 608 2050 et
619 2006 723 2065 myrtea
736 1999 835 2050 circum

268 2069 340 2122 Silva
352 2069 420 2136 tegit
430 2087 437 2133 ;
456 2085 526 2120 curae
538 2086 591 2119 non
603 2069 660 2136 ipsa
672 2068 701 2118 in
713 2074 796 2120 morte
808 2068 971 2136 relinquunt.

268 2137 320 2191 His
332 2139 473 2190 Phaedram
486 2138 644 2205 Procrinque
656 2138 728 2204 lucia,
740 2144 911 2205 maestamque
923 2139 1051 2208 llriphylc

268 2207 385 2260 Crudelis
397 2208 455 2259 nati
467 2214 657 2258 monstrantem
670 2207 780 2258 vulnera
792 2207 883 2274 cernit,

267 2276 454 2345 Evadnenque,
467 2283 494 2329 et
506 2277 672 2345 Pasiphadn3
685 2275 726 2327 his
739 2276 881 2328 Laodamia

269 2346 297 2399 It
309 2363 399 2413 comcs,
413 2353 440 2398 et
448 2347 555 2414 juvenis
567 2346 708 2415 quondam,
720 2363 792 2397 nunc
803 2346 909 2412 femina,
923 2346 1016 2414 Oanis,

269 2414 369 2468 Rursus
382 2423 408 2468 et
420 2416 449 2466 in
460 2423 575 2468 veterem
587 2416 642 2467 fato
654 2416 775 2466 revoluta
786 2415 905 2482 figuram.

305 2486 378 2537 Inter
390 2502 454 2552 quas
467 2485 603 2537 Phoenissa
614 2501 704 2537 rcccns
717 2503 733 2535 a
745 2485 855 2536 vulnere
867 2485 936 2536 Dido

269 2553 382 2607 Errabat
394 2554 460 2606 silva
472 2555 501 2605 in
513 2572 610 2621 magna
621 2574 627 2618 ;
646 2571 726 2621 quam
739 2554 833 2605 Troius
845 2554 928 2620 heros,

269 2624 307 2675 Ut
320 2625 434 2692 primum
443 2626 525 2691 juxta
537 2625 612 2676 stetit
624 2625 785 2691 agnovitque
797 2641 843 2691 per
855 2623 976 2676 umbram

269 2692 421 2760 Obscuram,
434 2694 539 2762 qualem
552 2695 635 2761 primo
649 2694 695 2761 qui
707 2710 811 2759 surgere
823 2710 912 2744 mense

250 2761 276 2814 A
280 2769 314 2815 ut
329 2762 404 2817 ridet
415 2771 466 2820 aut
480 2764 578 2821 vidisse
591 2768 672 2838 putat
683 2780 730 2835 per
741 2762 836 2816 nubila
847 2763 946 2827 lunam,

235 2830 362 2890 Densis
374 2835 518 2916 lacrimas,
531 2839 667 2914 dulcique
681 2836 783 2892 allatus
794 2849 883 2888 amore
893 2838 954 2884 cst:
