2700 3242
518 318 686 373 AENEIDOS
703 319 769 372 LIB.
782 319 814 374 X.

245 416 348 486 AEgeon
360 419 453 487 qualis,
465 427 573 473 centum
585 422 629 473 eui
640 421 748 474 brachia
760 422 853 474 dicunt

245 487 427 557 centenasque
439 507 540 553 manus,
553 492 747 558 qninquaginta
759 492 846 543 oribus
858 491 947 559 ignem

244 555 452 626 Pectoribnsque
465 560 564 626 arsisse,
578 561 596 611 J
598 561 653 611 ovis
665 578 748 628 quum
760 561 874 612 fulmina
886 567 977 612 contra

244 625 296 677 Tot
308 626 416 694 paribus
428 637 554 695 streperet
567 629 665 696 clipeis,
679 636 719 681 tot
732 631 871 696 stringeret
883 647 973 682 enses:

244 693 289 746 Sic
301 701 357 748 teto
369 696 466 748 AEneas
479 697 587 749 desaevit
600 698 628 749 in
640 716 744 764 aequore
757 699 846 763 victor,

243 763 284 816 Ut
296 765 374 816 semel
387 766 503 834 intepuit
515 784 612 819 mucro.
643 767 715 831 Quin
727 785 786 820 eece
800 767 906 836 Niphaei
1036 768 1088 820 570

244 831 421 901 erndrijuges
433 835 462 887 in
474 853 553 904 eques
565 837 725 904 adversaque
737 842 843 904 pectora
855 836 958 890 tendit:

242 901 335 969 Atque
347 903 388 954 illi
401 904 477 971 longe
489 905 653 972 gradientem
665 913 692 958 et
705 906 762 957 dira
773 907 929 958 frementem

243 970 284 1022 Ut
296 972 390 1039 vidore,
403 980 476 1025 metu
488 975 556 1026 versi
568 981 689 1042 retroque
700 981 806 1026 ruentes

242 1039 446 1110 Effunduntque
458 1043 559 1110 ducem,
571 1045 731 1112 rapiuntque
743 1044 776 1096 ad
789 1044 866 1096 litora
878 1060 977 1097 currus.

244 1108 352 1163 Interea
364 1111 460 1179 bijugis
472 1113 553 1165 infert
565 1130 592 1164 se
604 1113 726 1180 Lucagus
739 1112 805 1165 albis

244 1177 279 1231 ln
291 1179 398 1247 medios,
411 1181 544 1249 fraterque
557 1182 635 1249 Liger
645 1201 652 1247 ;
670 1183 715 1234 sed
727 1182 810 1234 frater
821 1181 931 1234 habenis

243 1246 344 1301 Flectit
356 1266 442 1317 equos,
451 1251 572 1302 strictum
584 1256 655 1303 rotat
666 1269 726 1303 acer
738 1251 859 1318 Lucagus
871 1267 967 1304 ensem.

244 1316 328 1370 Haud
340 1317 405 1370 tulit
416 1319 513 1372 AEueas
526 1326 601 1372 tanto
613 1320 713 1372 fervore
725 1320 858 1373 furentes:

245 1384 338 1452 Irruit,
350 1388 511 1458 adversaque
522 1389 616 1457 ingens
627 1389 752 1458 apparuit
764 1389 847 1441 hasta.

245 1453 394 1524 OuiLiger:
1035 1460 1086 1510 580

245 1527 261 1554 “
271 1525 332 1578 Non
344 1525 478 1578 Diomedis
490 1541 577 1593 equos,
589 1541 637 1576 nec
648 1541 740 1576 currus
751 1523 835 1576 cernis
848 1522 954 1592 Achilli,

245 1596 304 1647 Aut
316 1594 439 1661 Phrygia
451 1611 571 1662 campos:
590 1611 661 1645 nune
673 1593 737 1644 belli
748 1593 808 1644 finis
820 1598 848 1645 et
859 1593 910 1646 aeri

247 1663 300 1716 Ilis
312 1662 418 1715 dabitur
430 1662 529 1716 terris.”
566 1662 669 1714 Vesano
681 1662 747 1714 talia
758 1662 811 1713 lnte

243 1729 326 1782 Dicta
337 1730 428 1783 volant
440 1731 543 1797 Ligeri:
562 1732 607 1782 sed
619 1748 672 1782 non
685 1737 712 1783 et
724 1730 817 1782 Troius
828 1729 904 1781 heros

243 1798 325 1851 Dicto
336 1806 413 1867 parat
425 1807 515 1852 contra
526 1819 532 1864 ;
546 1800 667 1868 jaculum
679 1817 742 1852 nam
753 1804 858 1867 torquet
869 1798 898 1849 in
909 1798 1018 1850 hostem

243 1866 367 1936 Lucagus
380 1873 410 1920 ut
422 1886 518 1937 pronus
530 1869 646 1938 pendens
658 1869 687 1920 in
699 1867 805 1920 verbera
817 1868 869 1920 telo

242 1936 392 1989 Admonuit
403 1938 523 2006 bijugos;
541 1941 655 2058 projecte
667 1938 731 1988 dum
744 1937 809 2005 pede
821 1937 887 1989 laevo

243 2006 330 2075 Aptat
342 2023 369 2058 se
382 2024 493 2076 pugnoe;
511 2025 541 2059 su
561 2008 582 2059 it
595 2024 652 2059 oras
664 2007 741 2058 hasta
752 2024 799 2074 per
811 2007 876 2057 imas

244 2075 384 2143 Fulgentis
396 2077 481 2145 clipei,
495 2082 553 2129 tum
565 2076 662 2128 laevum
674 2076 790 2144 perforat
801 2075 917 2141 inguen;

243 2144 379 2197 Excussns
391 2163 470 2198 curru
482 2146 653 2197 moribundus
666 2145 780 2197 volvitur
792 2144 868 2196 arvis.
1033 2143 1084 2193 590

245 2213 331 2278 Quem
343 2215 402 2283 pius
414 2215 510 2267 AEneas
523 2215 600 2266 dictis
612 2214 709 2266 affatur
721 2214 831 2267 amaris:

244 2285 260 2314 ‘⁴
268 2284 380 2350 Lucage,
393 2281 467 2334 nulla
479 2288 538 2333 tuos
550 2298 641 2333 currus
653 2281 719 2347 fuga
731 2281 817 2346 segnis
830 2294 956 2346 equorum

244 2352 374 2416 Prodidit,
386 2358 434 2403 ant
447 2367 521 2403 vanae
534 2359 633 2402 vertere
645 2367 679 2401 ex
691 2349 809 2400 hostibus
821 2345 935 2399 uurbrae:

245 2423 307 2490 Ipse
319 2421 382 2473 rotis
395 2419 488 2471 saliens
497 2422 563 2486 juga
575 2417 695 2470 deseris.'’
733 2419 798 2468 llaec
810 2417 849 2468 ita
861 2417 933 2467 fatus

243 2491 304 2544 Arri
324 2489 366 2542 uit
376 2488 486 2556 bijugos.
517 2489 609 2540 Frater
621 2485 746 2539 tendebat
758 2486 869 2536 inermes

244 2559 325 2612 Infe'
359 2558 466 2627 palmas.
480 2575 558 2609 curru
571 2556 692 2622 delapsus
705 2556 810 2606 eodem:

242 2627 317 2679 “Per
329 2631 364 2690 te,
377 2641 423 2693 per
435 2624 480 2690 qui
493 2631 519 2674 te
533 2623 612 2674 talem
626 2640 739 2689 genuere
753 2628 882 2690 parentes,

243 2695 292 2749 Vir
304 2696 422 2762 Trojano,
435 2693 490 2745 sine
503 2693 571 2743 hanc
583 2692 706 2756 animam,
718 2701 745 2742 et
758 2690 1046 2760 miseroreprecant'xs1'

243 2764 372 2817 Pluribus
380 2762 463 2814 oranti
478 2762 589 2816 AEncus:
608 2764 622 2788 “
635 2762 719 2817 Haud
732 2763 803 2817 talia
813 2761 924 2814 dudum

233 2834 314 2884 Dicta
326 2830 413 2884 dahas.
445 2830 563 2904 Morere,
577 2840 604 2890 et
618 2835 740 2894 fratrem
750 2855 790 2892 ne
803 2835 904 2890 desere
911 2823 1027 2884 trater?
1079 2813 1142 2865 W
