2700 3242
272 299 323 352 124
505 296 534 351 P.
554 297 709 350 VIRGILII
728 297 889 350 MARONIS

274 399 336 452 Tela
347 415 428 450 manu
439 398 527 450 miseri
535 398 674 465 jactabant
687 399 761 450 irrita
773 399 873 451 Teucri

273 468 386 534 l'urrim,
398 469 426 519 in
438 468 568 536 proecipiti
581 474 694 519 stantem
708 468 867 534 summisque
879 467 927 519 sub
939 471 1011 520 asna
1063 469 1117 519 460

274 537 405 590 Eductam
417 538 501 601 tectis,
515 537 584 588 unde
597 536 681 588 omnis
694 537 770 603 Troja
781 537 865 589 videri

275 607 310 659 ut
321 607 443 660 Danaum
456 607 538 659 solitae
551 623 630 657 naves
642 613 668 656 et
683 607 784 658 Achaia
797 614 889 669 castra,

275 676 398 744 Aggressi
409 676 478 728 ferro
491 677 597 741 circum,
610 692 661 743 quo
674 692 776 726 summa
788 675 908 727 labantes

273 747 420 800 Juncturss
432 745 553 797 tabulata
564 743 669 809 dabant,
684 744 854 796 convellimus
866 745 927 796 altis

273 814 392 881 Sedibus,
402 814 622 883 impulimusque:
641 830 672 864 ea
684 813 758 881 lapsa
770 820 877 881 repente
889 814 995 865 ruinam

275 883 341 937 eum
355 884 442 935 sonitu
455 883 545 949 trahit,
558 888 584 934 et
597 882 721 934 Danaum
733 899 810 950 super
822 883 929 949 agmina
940 883 995 935 late

278 953 382 1005 Incidit.
413 952 462 1004 Ast
474 952 520 1004 alii
533 951 663 1014 subeunt;
682 969 730 1003 nec
742 969 812 1018 saxa,
825 969 873 1004 nec
885 951 970 1003 ullum

276 1019 396 1074 'Pelorum
409 1021 509 1073 interea
521 1027 603 1072 cessat
615 1029 705 1086 genus.

311 1084 500 1137 “Vestibulum
512 1092 573 1137 ante
584 1086 672 1154 ipsum
684 1086 821 1153 primoque
832 1083 861 1135 in
872 1083 964 1137 limine
976 1084 1096 1154 Pyrrhus

276 1151 406 1216 llxsultat,
419 1151 478 1202 telis
491 1157 518 1202 et
530 1150 722 1202 luceborus'cus
734 1153 835 1205 ahena:
1065 1157 1118 1206 450

275 1220 366 1283 Qualis
378 1220 424 1272 ubi
437 1220 465 1271 in
477 1219 564 1271 lucem
577 1220 682 1272 coluber
692 1221 763 1271 mala
774 1219 894 1286 gramina
905 1223 1004 1287 pastus,

276 1289 382 1356 brigida
395 1289 443 1340 sub
455 1295 525 1341 terra
536 1289 670 1340 tumidum
682 1307 759 1357 quem
771 1289 865 1342 bruma
877 1290 991 1358 tegebat,

275 1359 352 1411 Nunc
365 1358 455 1426 positis
467 1376 549 1410 novus
562 1358 663 1410 exuviis
675 1359 826 1426 nitidusque
835 1360 955 1426 juventa,

280 1428 388 1480 Lubrica
400 1428 532 1480 convolvit
544 1427 647 1480 sublato
659 1436 763 1495 pectore
776 1434 850 1494 terga

277 1498 382 1549 Arduus
394 1497 428 1548 ad
441 1497 529 1563 solem,
542 1503 568 1548 et
580 1496 679 1564 linguis
690 1497 772 1549 micat
783 1514 827 1548 ore
839 1496 961 1550 trisulcis.

279 1568 336 1618 Una
348 1567 440 1633 ingens
453 1565 578 1634 Periphas
591 1572 618 1618 et
630 1583 755 1634 equorum
768 1567 882 1634 agitator
894 1567 1004 1618 Achillis

277 1636 396 1702 Armiger
406 1634 579 1701 Automedon,
592 1652 646 1686 una
658 1636 742 1687 omnis
755 1636 845 1702 Scyria
856 1636 938 1704 pubes
1018 1639 1021 1644 ’

276 1702 426 1758 Succedunt
438 1711 515 1770 tecto,
528 1711 555 1755 et
567 1704 686 1756 flammas
698 1705 732 1756 ad
745 1705 861 1757 culmina
869 1707 981 1772 jactant.

278 1776 336 1842 lpse
349 1774 417 1825 inter
428 1774 524 1841 primos
537 1780 654 1841 correpta
667 1773 733 1826 dura
745 1774 852 1841 bipenni

280 1844 380 1895 Limina
392 1843 546 1911 perrumpit,
559 1849 696 1911 postesque
708 1861 725 1894 a
737 1843 842 1894 cardine
854 1843 930 1896 vellit
1064 1849 1117 1896 480

279 1913 397 1976 AErat0s;
412 1914 519 1980 jamque
532 1913 620 1964 excisa
631 1913 705 1964 trabe
717 1913 793 1964 firma
805 1913 909 1964 cavavit

278 1982 387 2048 Robora,
399 1988 426 2034 et
438 1982 572 2050 ingentem
584 1982 638 2033 lato
651 1982 724 2033 dedit
736 2000 779 2034 ore
790 1982 938 2035 fenestram.

277 2051 394 2120 Apparet
406 2051 498 2103 domus
510 2051 589 2118 intus,
602 2057 629 2103 et
641 2052 709 2103 atria
721 2052 800 2118 longa
811 2058 965 2120 patescunt;

277 2121 412 2189 Apparent
424 2119 523 2172 Priami
535 2127 561 2171 et
574 2127 692 2172 veterum
704 2121 849 2189 penetralia
860 2138 966 2188 regum3

277 2190 449 2258 Armatosque
461 2190 552 2242 vident
565 2196 664 2242 stantes
676 2190 704 2241 in
717 2190 807 2241 limine
819 2190 909 2258 primo.

313 2262 326 2286 ‘⁶
338 2262 371 2310 At
384 2258 476 2310 domus
489 2260 596 2312 interior
607 2263 708 2328 gemitu
720 2261 866 2327 miseroque
878 2260 996 2312 tumultu

278 2321 421 2385 Miscetur;
440 2323 596 2390 penitusque
609 2340 678 2375 cavae
690 2324 859 2392 plangoribus
871 2325 938 2378 aedes

279 2391 407 2443 Femineis
419 2392 524 2443 ululant
535 2411 542 2455 ;
559 2392 621 2444 ferit
633 2410 713 2445 aurea
725 2394 809 2445 sidera
821 2395 924 2448 clamor.

277 2460 344 2511 Tum
356 2461 458 2528 pavidae
471 2462 547 2513 tectis
560 2469 656 2514 matres
668 2463 820 2530 ingentibus
832 2470 928 2530 errant,

279 2530 465 2596 Amplexaeque
478 2537 569 2583 tenent
581 2539 675 2599 postes,
688 2539 768 2599 atque
780 2533 868 2584 oscula
880 2533 974 2600 figunt.
1063 2541 1117 2589 490

278 2600 364 2650 Instat
376 2600 403 2650 vi
416 2600 502 2667 patria
514 2600 629 2668 Pyrrhus
639 2620 646 2664 ;
664 2619 713 2653 nec
725 2602 846 2669 claustra,
858 2620 942 2671 neque
954 2604 1005 2672 ipsi

277 2668 402 2720 Custodes
415 2669 520 2722 sufferre
533 2670 629 2722 valent.
659 2671 743 2723 labat
755 2672 836 2723 ariete
848 2672 937 2723 crebro

269 2737 370 2804 Janua,
385 2744 413 2790 et
425 2739 504 2792 emoti
516 2739 693 2810 procumbunt
705 2741 810 2792 cardine
823 2747 915 2809 postes.

254 2804 305 2857 Ait
319 2807 363 2862 ria
378 2808 422 2864 71⁹:
439 2817 576 2885 rumpunt
589 2811 691 2882 aditus,
702 2811 855 2885 primosque
863 2809 1000 2862 trucidant
