2700 3242
447 461 483 516 1³.
497 458 706 518 VIRGILII
731 457 942 513 MARONIS

406 663 985 753 AENEIDOS

526 869 653 922 LIBER
676 868 863 921 TERTIUS.

619 1052 766 1068 mmm

275 1210 291 1237 “
299 1209 449 1269 Poereuau
462 1224 503 1259 res
515 1207 585 1258 Asiae
597 1204 750 1272 Priamique
762 1209 878 1257 evertere
890 1208 998 1272 gentem

276 1275 441 1328 Immeritam
453 1276 539 1328 visum
552 1275 659 1344 superis,
672 1275 820 1341 ceciditque
833 1274 975 1341 superbum

275 1343 364 1412 Ilium,
377 1352 404 1398 et
416 1345 500 1397 omnis
512 1345 593 1397 humo
604 1344 692 1396 fumat
704 1344 840 1412 Neptunia
852 1343 945 1411 TroJa3
960 1344 963 1349 '

275 1413 387 1467 Diversa
399 1414 492 1466 exsilia
504 1419 532 1465 et
545 1413 659 1465 desertae
672 1429 786 1480 quaerere
798 1417 881 1464 terras

274 1482 402 1550 Auguriie
414 1483 518 1550 agimur
531 1483 629 1549 divum,
642 1481 802 1549 classemque
814 1481 862 1532 sub
874 1481 883 1532 i
903 1498 932 1534 aa

260 1557 262 1561 ’
274 1551 413 1603 Antandro
425 1556 452 1603 et
465 1551 588 1619 Phrygiae
600 1550 724 1602 molimur
735 1550 868 1602 montibus
881 1498 945 1620 ida,

276 1620 377 1672 Incerti
389 1636 441 1687 quo
453 1619 509 1671 fata
521 1620 615 1686 ierant,
627 1619 675 1670 ubi
688 1619 777 1671 sistere
790 1619 885 1682 detur3

275 1689 512 1756 Contrahimusque
523 1688 599 1741 viros.
630 1688 684 1740 Vix
696 1689 782 1756 prima
793 1689 927 1755 inceperat
939 1693 1031 1754 metam

274 1757 311 1810 Et
323 1763 398 1827 pater
409 1757 537 1809 Anchises
550 1757 611 1809 dare
623 1757 686 1809 fatis
698 1757 757 1809 vela
765 1757 894 1824 jubebat3

274 1825 364 1879 Litore
376 1844 459 1895 quum
471 1827 562 1894 patrica
575 1826 715 1878 lacrimans
727 1832 869 1894 portusque
880 1826 1001 1894 relinquo
1087 1832 1118 1881 10

273 1895 310 1948 Et
322 1913 433 1964 campos,
446 1895 492 1947 ubi
504 1895 581 1964 Troja
592 1895 652 1947 fuit.
683 1894 762 1946 Feror
773 1895 848 1947 exsul
860 1895 889 1946 in
900 1896 986 1948 altum

275 1964 340 2018 (lum
353 1965 427 2017 sociis
439 1970 554 2032 natoque
566 1963 707 2034 penatibus
719 1970 746 2016 et
758 1964 861 2033 magnis
873 1964 920 2018 dis.

312 2031 327 2058 ‘⁸
337 2031 415 2085 Terra
427 2033 520 2101 procul
532 2033 614 2085 vastia
625 2032 722 2085 colitur
734 2033 866 2086 Mavortia
878 2035 985 2103 eampis,

272 2098 385 2152 'l'hracee
397 2105 482 2166 arant,
494 2100 548 2152 aori
561 2100 694 2168 quondam
705 2108 816 2168 regnata
827 2103 964 2170 Lycurg03

273 2169 427 2239 Hospitium
439 2169 580 2237 antiquum
592 2169 683 2236 Trojano,
696 2171 809 2238 sociique
821 2177 937 2240 penates,

272 2239 344 2290 Dum
356 2239 463 2291 fortuna
474 2238 534 2291 fuit.
564 2238 643 2290 Feror
655 2238 714 2306 huc,
727 2245 754 2291 et
766 2240 842 2292 litore
854 2258 934 2293 curvo

272 2305 373 2360 Moenia
384 2308 469 2376 prima
481 2307 544 2375 loco,
557 2307 620 2360 fatie
631 2307 764 2375 ingressus
776 2309 874 2377 iniquia
881 2329 889 2374 ;

272 2375 457 2445 AEueadaeque
468 2393 526 2428 meo
537 2393 632 2428 nomen
644 2377 676 2428 de
689 2378 794 2430 nomine
806 2379 884 2446 fingo.

308 2445 412 2496 “Sacra
425 2445 540 2498 Dionaeae
553 2445 633 2498 matri
645 2445 766 2512 dirisque
777 2446 892 2498 ferebam

271 2511 430 2579 Auspicibue
442 2519 588 2582 coeptorum
600 2531 709 2583 operum
720 2533 727 2578 ;
745 2532 890 2584 superoque
902 2517 1034 2572 nitentem
1081 2522 1115 2573 20

270 2579 421 2633 Coelicolum
432 2583 488 2650 regi
500 2582 648 2636 mactabam
659 2584 689 2635 in
701 2584 777 2636 litore
790 2591 904 2639 taurum.

267 2648 349 2701 Forte
360 2650 413 2702 fuit
419 2651 503 2719 juxta
515 2652 641 2717 tumulus,
655 2669 706 2721 quo
719 2671 813 2706 cornea
825 2672 927 2708 summo

260 2714 390 2789 Vitgulta,
405 2727 434 2776 et
445 2721 535 2777 densis
548 2721 693 2778 hastilibus
703 2722 812 2776 horriia
820 2731 934 2791 mutue.

235 2783 373 2858 Aeaea&
393 2793 570 2872 viridemque
583 2796 618 2855 ab
631 2796 719 2852 humo
733 2792 883 2850 coureiiere
893 2791 993 2845 aarum
