2700 3242
418 413 450 467 P.
466 410 672 469 VIRGILII
707 408 924 465 MARONIS

349 581 985 706 nnnsoos

488 840 613 892 LIBER
637 839 857 893 SECUNDUS.

606 979 735 993 mm

252 1075 432 1127 Connscunan
445 1093 540 1143 omnes,
554 1077 703 1146 intentique
715 1095 760 1129 ora
771 1077 904 1132 tenebant.

252 1145 321 1197 Inde
333 1149 391 1197 toro
402 1151 479 1214 pater
489 1146 587 1201 AEneas
599 1148 636 1199 sio
649 1165 721 1199 orsus
733 1146 767 1198 ab
779 1146 850 1198 alto:

289 1215 303 1241 ‘⁴
321 1215 470 1279 lnfandum,
485 1215 593 1280 Regina,
604 1213 683 1279 jubes
695 1231 821 1266 renovare
834 1210 957 1273 dolorem,

250 1280 378 1346 Trojano-s
390 1285 422 1333 ut
435 1297 494 1347 opes
507 1286 534 1331 et
546 1278 715 1331 lamentabile
727 1296 838 1359 {egnum

251 1349 378 1401 Emorint
390 1348 477 1400 Danai
487 1367 494 1412 ;
513 1365 625 1416 quaeque
636 1348 692 1417 ipse
703 1365 849 1399 mssemma
861 1345 924 1412 vidi,

251 1418 289 1470 Et
301 1435 412 1484 quorum
425 1435 484 1485 pars
496 1435 593 1486 magna
605 1418 652 1470 fui.
688 1417 752 1480 Quis
766 1417 831 1468 talia
843 1415 924 1468 fando

252 1486 459 1554 Myrmidonum,
472 1487 642 1555 Dolopumve,
655 1492 704 1538 aut
716 1485 775 1537 duri
788 1485 862 1536 miles
876 1484 956 1551 Ulixi,

252 1556 392 1623 Temperet
404 1573 420 1608 a
432 1555 562 1610 lacrimis!
582 1557 674 1624 etjam
687 1572 740 1606 nox
753 1554 862 1607 humida
875 1554 939 1606 coslo

254 1624 415 1691 Praecipitat,
429 1625 591 1693 suadentque
604 1624 726 1677 cadentia
739 1624 824 1676 sidera
836 1640 945 1676 somnos.

253 1694 304 1746 Sed
318 1694 342 1745 si
352 1700 443 1745 tantus
455 1711 527 1746 amor
540 1712 614 1746 casus
626 1710 780 1762 cognoscere
792 1701 900 1758 nostros,
1065 1699 1098 1746 10

253 1763 291 1816 Et
303 1763 416 1815 breviter
428 1763 511 1830 Trojee
524 1781 675 1832 supremum
688 1763 778 1815 audire
792 1762 913 1828 laborem,

255 1833 413 1898 Quanquam
424 1833 527 1884 animus
540 1833 688 1884 meminisse
700 1832 789 1884 horret
802 1832 929 1900 luctuque
941 1830 1047 1896 refugit,

255 1902 393 1970 Incipiam.
430 1902 518 1953 Fracti
530 1900 598 1953 bello
610 1902 672 1953 fatis
691 1918 725 1953 ue
736 1902 835 1969 repidsi

254 1971 384 2024 Ductores
396 1970 526 2036 Danaum,
540 1978 580 2023 tot
588 1973 646 2039 jam
658 1971 684 2023 la
703 1970 807 2023 entibus
819 1969 904 2036 annis,

256 2040 345 2093 Instar
356 2041 453 2092 montis
465 2058 562 2108 equum
574 2041 664 2092 divina
678 2040 793 2091 Palladis
805 2046 863 2092 orte

254 2110 408 2176 AEdificant‚
420 2115 542 2176 sectaque
554 2110 680 2162 intexunt
692 2109 778 2162 abiete
791 2117 882 2160 costas.

255 2178 356 2231 Votum
368 2196 415 2247 pro
426 2178 515 2231 reditu
527 2179 653 2231 simulant
665 2197 671 2241 ;
690 2195 721 2230 ea
733 2178 805 2229 fama
817 2182 937 2245 vagatur.

256 2247 321 2301 Huc
333 2248 436 2301 delecta
447 2248 534 2300 virum
546 2249 631 2301 sortiti
644 2265 751 2316 corpora
763 2248 857 2298 furtim

257 2318 405 2370 Includunt
416 2334 484 2370 casco
497 2317 580 2385 lateri,
594 2317 752 2398 penitusque
765 2332 889 2368 cavernas

257 2386 415 2505 1¹¹5le
415 2386 932 2523 tlsslttlttldlltdffilta
1065 2383 1099 2436 ²⁰

257 2525 358 2593 Insula,
370 2524 443 2576 dives
455 2541 542 2592 opum,
555 2523 653 2575 Priami
666 2523 730 2574 dum
742 2539 823 2588 regna
835 2519 984 2587 manebant,

257 2595 338 2648 Nunc
349 2600 456 2648 tantum
469 2593 541 2645 sinus
554 2599 580 2645 et
593 2593 671 2645 statio
683 2591 752 2642 male
764 2591 818 2642 fida
830 2590 941 2643 carinis:

258 2665 322 2717 Huc
334 2681 361 2716 se
372 2662 491 2732 provecti
503 2662 603 2714 deserto
615 2663 643 2713 in
656 2661 733 2712 litore
745 2660 869 2711 condunt.

257 2733 314 2788 Nos
325 2732 419 2785 abiisse
427 2731 481 2784 sati
492 2735 520 2781 et
532 2738 609 2784 sento
621 2730 732 2802 petiisse
743 2729 886 2803 Mycenas.

246 2802 320 2865 qu
329 2800 414 2851 omnis
422 2799 503 2868 longo
514 2801 597 2858 solvit
610 2822 641 2862 se
653 2807 774 2866 Teucria
786 2809 882 2868 luctu.
