2700 3242
268 319 301 371 98
502 311 531 364 P.
551 311 704 364 VIRGILII
724 310 885 364 MARONIS

272 417 323 480 Qui
335 420 449 482 teneant,
462 433 524 467 nam
536 416 637 468 inculta
649 414 729 482 videt,
741 415 894 466 hominesne
906 415 1010 483 feraene,

273 488 392 550 Quaerere
405 485 549 551 constituit,
563 485 688 553 sociisque
701 491 794 535 exacta
805 484 907 536 referre.

273 556 385 608 Classem
397 554 425 605 in
437 571 552 606 convexo
565 571 701 605 nemorum
714 553 762 604 sub
774 571 839 620 rupe
852 560 945 605 cavata

275 623 413 676 Arboribus
426 624 540 676 clausam
553 625 651 675 circum
663 630 743 690 atque
755 623 922 674 horrentibus
934 623 1035 674 umbris

274 694 392 746 Occulit:
411 693 466 761 ipse
478 710 530 744 uuo
542 693 662 761 graditur
674 692 814 743 comitatus
826 692 935 759 Achate,

276 763 341 815 Bina
352 780 433 814 manu
445 763 498 814 lato
511 764 626 830 crispans
638 761 745 812 hastilia
757 762 832 813 ferro.

274 833 322 884 Oui
333 840 417 884 mater
428 832 515 883 media
527 849 580 883 sese
592 831 656 882 tulit
668 830 745 882 obvia
757 831 829 896 silva,
896 871 899 878 .

275 901 390 968 Virginis
403 918 430 953 os
442 899 613 968 habitumque
626 917 717 966 gerens
730 906 756 951 et
769 899 878 966 virginis
890 917 963 952 arma

274 970 417 1038 Spartanae,
430 970 471 1020 vel
484 970 569 1037 qualis
581 986 659 1037 equos
672 969 793 1020 Threissa
804 969 901 1035 fatigat

277 1039 432 1106 Harpalyce,
444 1038 627 1106 volucremque
639 1038 704 1104 fuga
716 1038 883 1105 praevertitur
898 1033 1025 1088 Hebrum.

277 1109 395 1176 Namque
408 1107 522 1158 humeris
535 1108 567 1159 de
579 1125 649 1159 more
661 1107 776 1158 habilem
788 1107 958 1174 suspenderat
969 1125 1040 1159 arcur

277 1177 411 1243 venatrix,
425 1177 582 1244 dederatque
595 1194 696 1228 comam
708 1176 853 1227 diffundere
865 1177 958 1244 ventis,

278 1247 355 1298 Nuda
368 1263 445 1314 genu,
457 1246 576 1313 nodoque
589 1247 660 1297 sinus
673 1245 782 1297 collecta
794 1246 911 1298 fluentes.

278 1317 315 1368 Ac
327 1317 403 1384 prior,
417 1318 432 1346 ‘¹
441 1317 538 1383 Heus,”
551 1317 646 1384 inquit,
658 1317 672 1341 “
677 1317 796 1382 juvenes,
808 1317 951 1363 monstrate
962 1329 1040 1364 meari

279 1385 387 1437 Vidistis
400 1385 422 1436 si
434 1402 512 1452 quam
525 1385 567 1436 hic
580 1389 710 1435 errantem
721 1384 788 1435 forte
800 1400 923 1447 sororum,

277 1454 442 1507 Succinctam
455 1454 578 1521 pharetra
590 1460 617 1505 et
628 1453 766 1504 maculosa
779 1453 894 1519 tegmine
906 1451 997 1518 lyncis,

279 1524 333 1575 Aut
345 1523 491 1590 spumantis
503 1523 560 1590 apri
572 1539 678 1574 cursum
690 1522 800 1573 clamore
813 1523 999 1588 prementem.''

312 1592 354 1644 Sic
368 1591 456 1643 Venus
466 1610 473 1655 ;
491 1598 518 1643 et
531 1591 638 1642 Veneris
650 1598 741 1642 contra
752 1591 789 1643 sic
801 1590 872 1642 filius
883 1607 971 1642 orsus:

276 1659 380 1711 “Nulla
393 1667 499 1710 tuarum
511 1659 602 1708 audita
614 1658 680 1707 mihi
692 1675 775 1725 noque
788 1661 843 1711 visa
855 1674 977 1720 sororum,

278 1725 413 1791 O—qnam
427 1730 453 1775 te
464 1742 612 1785 memorem,
625 1725 718 1791 virgol
736 1742 848 1793 namque
861 1725 933 1777 haud
946 1725 995 1777 tibi
1008 1743 1040 1778 vu

278 1793 403 1859 Mortalis,
416 1810 463 1844 nee
476 1810 527 1845 vox
539 1793 670 1845 hominem
683 1802 763 1847 sonat.
800 1796 821 1848 0
834 1795 883 1847 dea
894 1801 979 1848 certe:

278 1863 320 1913 An
332 1861 425 1914 Phoebi
437 1862 525 1916 sorori
544 1880 578 1915 an
590 1864 767 1932 nympharum
779 1865 914 1932 sanguinis
925 1864 1000 1916 unal

277 1930 317 1983 Sis
329 1931 401 1998 felix,
414 1938 582 2000 nostrumque
595 1933 670 2001 leves,
684 1951 862 2002 quaecumque,
876 1932 997 2001 laborem,

278 1997 312 2052 Et
323 2017 374 2068 quo
387 1999 435 2052 sub
447 2001 510 2053 coelo
522 2003 636 2069 tandem,
649 2003 744 2070 quibus
757 2004 824 2055 orbis
836 2004 864 2055 in
876 2003 927 2054 oris

276 2069 296 2122 J
298 2077 420 2135 actemm,
433 2069 531 2122 doceas.
567 2072 657 2139 Ignari
669 2072 856 2141 hominumque
868 2072 1035 2141 locorumque

277 2138 406 2203 Erramus,
419 2145 497 2192 vento
509 2139 562 2192 huc
574 2149 600 2192 et
614 2142 694 2194 vastis
705 2141 829 2193 fluctibus
841 2141 903 2194 acti.

276 2207 365 2261 Multa
376 2208 425 2260 tibi
437 2215 499 2261 ante
511 2225 569 2262 aras
581 2216 669 2263 nostra
682 2211 759 2263 cadet
771 2211 857 2264 hostia
868 2211 968 2264 dextra.
973 2207 988 2231 ’'

311 2279 378 2330 Tum
391 2278 495 2331 Venus:
514 2284 529 2310 “
538 2282 621 2333 Haud
633 2282 755 2351 equidem
767 2283 816 2335 tali
827 2298 869 2333 me
882 2281 976 2348 dignor
988 2281 1040 2332 hon

277 2346 431 2414 Virginibus
444 2347 528 2416 Tyriis
539 2365 594 2400 mos
607 2355 646 2400 est
657 2355 760 2416 gestare
772 2353 930 2416 pharetram,

277 2415 462 2484 Purpureoque
474 2417 527 2469 alte
540 2434 613 2469 suras
626 2418 725 2470 vincire
738 2418 872 2470 cothurno.

276 2484 377 2538 Punica
388 2502 469 2552 regna
480 2486 560 2553 vides,
574 2487 664 2554 Tyrios
676 2493 704 2539 et
715 2487 842 2553 Agenoris
854 2485 946 2538 urbem
956 2505 964 2552 ;

275 2553 326 2606 Sed
338 2554 402 2605 fines
415 2554 512 2622 Libyci,
524 2573 607 2623 genus
619 2555 785 2608 intractabile
797 2556 872 2608 bello.

276 2623 420 2691 Imperium
432 2623 500 2677 Dido
513 2624 592 2692 Tyria
603 2626 671 2690 regit
684 2625 748 2677 urbe
760 2627 884 2693 profecta,

276 2693 433 2744 Germanum
445 2693 556 2760 fugiens.
592 2694 682 2761 Longa
694 2700 733 2746 est
745 2694 849 2761 injuria,
862 2694 947 2761 longas

255 2759 415 2828 Ambages;
431 2763 481 2817 sed
492 2782 599 2819 summa
611 2782 707 2837 sequar
718 2763 934 2832 fastigiaremm.

241 2822 321 2878 Huic
333 2833 441 2902 conjux
453 2835 589 2910 Sychaeus
603 2845 671 2910 erat,
686 2836 839 2893 ditissimffi
848 2832 912 2904 &bil
