2700 3242
263 325 315 378 388
496 324 526 378 Ρ.
544 322 701 377 VIRGILII
718 322 881 378 MARONIS

269 429 356 492 Quum
368 426 433 479 levis
445 424 545 478 alterno
557 423 686 492 zephyrus
698 421 847 476 concrebuit
859 440 929 492 euro,

268 497 304 550 Et
315 513 396 566 prono
408 495 547 563 gravidum
559 493 679 562 provexit
691 494 804 561 pondere
816 510 929 548 currum.

268 567 345 620 Felix
357 565 402 617 ille
415 565 477 630 dies,
489 564 555 615 felix
567 569 594 615 et
606 562 704 613 dicitur
716 579 808 629 annus,

268 635 376 700 Felices,
388 635 435 702 qui
447 634 528 685 talem
539 648 639 684 annum
651 631 747 698 videre,
760 631 887 700 diemque.

268 704 338 773 Ergo
351 703 475 755 Palladiae
487 706 615 754 texuntur
626 701 655 752 in
668 701 758 753 ordine
770 718 879 769 pugnae:

269 773 369 841 Magna
381 772 516 840 Giganteis
528 776 654 823 ornantur
667 770 745 838 pepla
757 771 876 838 tropaeis3
1075 774 1099 823 3(

269 842 385 895 Horrida
397 841 539 909 sanguineo
551 840 699 909 pinguntur
710 840 803 907 proelia
815 857 906 906 cocco;

269 912 386 964 Additur
397 917 490 963 aurata
501 909 617 977 dejectus
629 909 737 976 cuspide
749 909 847 977 Typho,

271 981 323 1044 Qui
334 981 414 1050 prius,
428 980 520 1033 Ossaeis
533 985 699 1031 consternens
711 977 808 1030 aethera
820 979 897 1046 saxis,

269 1049 393 1103 Emathio
405 1049 503 1102 celsum
515 1047 666 1116 duplicabat
678 1047 775 1100 vertice
788 1047 937 1116 Olympum.

269 1119 332 1172 Tale
344 1120 398 1171 deae
411 1118 499 1172 velum
511 1117 619 1170 solemni
630 1117 658 1168 in
671 1122 786 1185 tempore
798 1124 918 1186 portant:

270 1189 328 1241 Tali
340 1194 367 1241 te
379 1188 480 1254 vellem,
488 1189 618 1255 juvenum
629 1186 783 1253 doctissime,
795 1187 850 1238 ritu

270 1257 417 1326 Purpureos
428 1257 498 1310 inter
510 1257 573 1308 soles
586 1262 613 1308 et
625 1256 737 1308 candida
748 1255 818 1307 lunae

270 1327 369 1395 Sidera,
382 1327 498 1379 caeruleis
510 1326 597 1379 orbem
608 1325 742 1394 pulsantia
754 1324 828 1393 bigis,

272 1396 381 1449 Naturae
393 1414 480 1449 rerum
491 1396 595 1463 magnis
607 1396 725 1446 intexere
737 1395 834 1447 chartis
841 1414 849 1460 ;

271 1466 410 1518 AEternum
422 1465 524 1534 Sophiae
537 1467 709 1532 conjunctum
720 1465 835 1516 carmine
846 1482 942 1518 nomen
1076 1469 1099 1516 41

271 1535 367 1589 Nostra
378 1542 457 1588 tuum
468 1535 573 1587 senibus
585 1534 736 1602 loqueretur
747 1535 845 1602 pagina
857 1535 946 1587 saeclis.

272 1605 323 1658 Sed
336 1606 458 1674 quoniam
470 1604 504 1656 ad
516 1610 605 1656 tantas
616 1621 688 1656 nunc
700 1604 816 1672 primum
827 1605 960 1656 nascimur
971 1619 1050 1672 artes,

270 1674 350 1728 Nunc
362 1675 477 1743 primum
488 1681 590 1726 teneros
601 1674 736 1726 firmamus
747 1673 836 1726 robore
847 1691 953 1726 nervos:

271 1743 338 1796 Haec
350 1749 438 1796 tamen
450 1744 557 1808 interea,
570 1761 628 1811 quae
641 1760 785 1812 possumus
797 1743 825 1794 in
838 1744 932 1811 quibus
945 1743 994 1796 aevi

271 1812 361 1865 Prima
372 1813 521 1864 rudimenta
533 1819 560 1864 et
572 1814 668 1881 primos
681 1813 815 1879 exegimus
827 1830 916 1880 annos,

271 1882 369 1951 Accipe
381 1882 455 1949 dona,
468 1899 525 1934 meo
537 1883 653 1934 multum
664 1882 775 1949 vigilata
787 1882 879 1949 labore,

272 1950 308 2004 Et
319 1953 451 2021 praemissa
463 1952 516 2003 tuis
528 1969 581 2003 non
593 1968 687 2020 magna
702 1952 809 2004 exordia
819 1951 909 2003 rebus:

272 2020 359 2090 Impia
370 2022 494 2090 prodigiis
506 2028 538 2073 ut
550 2022 681 2090 quondam
694 2022 822 2073 exterruit
834 2021 928 2089 amplis

272 2090 366 2158 Scylla,
379 2109 510 2159 novosque
522 2091 610 2143 avium
623 2090 741 2142 sublimis
753 2092 781 2141 in
793 2092 854 2143 aere
866 2098 949 2142 coetus

271 2157 382 2226 Viderit,
395 2166 422 2213 et
434 2160 508 2212 tenui
521 2160 694 2212 conscendens
707 2161 791 2212 sidera
802 2177 889 2228 penna
1078 2165 1099 2212 ἃ

272 2229 394 2282 Caeruleis
407 2247 454 2282 sua
466 2235 536 2282 tecta
549 2230 775 2298 supervolitaverit
787 2230 845 2293 alis,

272 2297 350 2351 Hanc
362 2317 408 2367 pro
420 2316 550 2368 purpureo
564 2317 667 2367 poenam
680 2299 805 2351 scelerata
817 2299 918 2367 capill0,

271 2366 373 2436 Proque
385 2369 467 2436 patris
480 2369 580 2420 solvens
592 2369 679 2420 excisa
691 2369 812 2420 funditus
824 2369 895 2421 urbe.

271 2436 422 2505 Complures
434 2437 507 2489 illam
520 2444 547 2489 et
557 2439 654 2505 magni,
668 2438 787 2504 Messala,
799 2440 921 2507 poetae-

271 2505 341 2559 Nam
353 2524 444 2560 verum
456 2507 600 2560 fateamur:
619 2514 692 2559 amat
704 2504 879 2576 Polyhymnia
892 2525 1021 2560 verum—

266 2573 360 2648 Longe
372 2576 425 2630 alia
437 2576 575 2646 perhibent
587 2584 717 2629 mutatam
729 2577 845 2629 membra
857 2578 950 2645 figura,

261 2649 413 2723 Scyllaeum
425 2654 545 2706 monstra
555 2646 587 2701 in
597 2665 691 2701 sanum
700 2664 821 2698 conversa
832 2647 933 2710 vocari;

255 2723 347 2783 Illam
360 2745 430 2795 esse,
443 2722 576 2781 aerumnis
589 2737 672 2791 cuam
682 2716 959 2785 sapelepummbxix'x

187 2819 190 2870 i
250 2799 386 2859 Candida
402 2802 587 2858 succinctam
594 2780 1016 2863 latrantious'muu'mamousu'xs

188 2873 190 2885 ’
240 2873 411 2937 Dulichias
427 2892 555 2936 vexasse
565 2873 656 2935 rates,
668 2869 700 2916 et
712 2845 927 2925 gurgitemalm
