2700 3242
496 304 699 358 GEORGICON
718 304 783 357 LIB.
803 304 854 357 ΙΙΙ,

251 404 338 469 Quum
350 406 431 458 medii
444 422 529 457 nexus
541 411 719 474 extremaeque
731 405 837 472 agmina
849 406 939 458 candro

249 474 401 541 Solvuntur,
414 475 554 542 tardosque
567 475 650 526 trahit
662 477 734 527 sinus
746 475 857 526 ultimus
868 475 948 527 orbos.

248 543 296 595 Est
308 544 390 596 etiam
403 544 449 596 ille
461 544 547 596 malus
560 543 675 596 Calabris
687 544 716 595 in
728 543 840 596 saltibus
852 546 953 611 anguis,

248 612 380 680 Squamea
391 613 549 666 convolvens
561 613 663 666 sublato
675 620 780 682 pectore
792 619 873 680 terga,

247 683 337 750 Atque
349 682 420 734 notis
431 682 539 749 longam
550 683 698 734 maculosus
710 682 854 748 grandibus
866 682 963 744 alvum,

249 751 308 817 Qui,
321 751 387 802 dum
399 769 490 803 amnes
502 751 551 803 ulli
563 757 725 820 rumpuntur
736 749 861 817 fontibus,
874 757 901 803 et
913 751 976 802 duni

249 820 317 872 Vere
328 821 438 873 madent
451 821 503 872 udo
516 827 592 872 terra
604 838 634 872 ac
646 820 808 889 pluvialibus
817 820 929 886 Austris,

248 889 350 956 Stagna
362 889 426 941 colit
437 909 444 954 ;
461 890 578 958 ripisque
590 890 722 956 habitans,
734 889 777 940 hic
789 889 904 957 piscibus
916 894 1001 942 atram
1045 891 1096 940 430

250 958 389 1026 improbus
402 959 548 1026 ingluviem
560 961 683 1027 ranisque
695 958 848 1026 loquacibus
861 959 963 1026 explet:

249 1026 394 1095 Postquam
407 1034 501 1080 exusta
513 1029 597 1097 palus,
610 1035 741 1096 terraeque
753 1028 843 1080 ardore
856 1028 1004 1094 dehiscunt,

248 1096 348 1149 Exsilit
371 1097 401 1148 in
414 1098 518 1165 siccum,
531 1103 558 1149 et
570 1098 734 1150 flammantia
747 1096 847 1149 lumina
859 1102 981 1164 torquens

249 1165 333 1218 saevit
345 1167 422 1248 agris,
436 1184 562 1234 asperque
575 1167 711 1235 sitiatque
724 1167 866 1218 exterritus
878 1173 952 1219 aestu.

248 1235 291 1287 Ne
302 1235 370 1287 miln
382 1242 441 1288 tum
452 1236 544 1288 molles
556 1236 604 1288 sub
617 1237 678 1289 divo
690 1253 796 1303 carpere
810 1253 919 1301 somnos,

249 1304 311 1357 Neu
322 1305 398 1356 dorso
410 1306 522 1357 nemoris
533 1305 615 1357 libeat
624 1306 738 1373 jacuisse
750 1322 797 1372 per
808 1303 909 1370 herbas,

250 1373 341 1436 Quum
353 1375 445 1442 positis
456 1392 540 1426 novus
552 1376 654 1426 exuviis
667 1374 820 1441 nitidusque
829 1375 942 1440 juventu

249 1442 384 1509 Volvitur,
396 1449 443 1494 aut
455 1444 555 1496 catulos
568 1445 645 1496 tectis
658 1450 706 1496 aut
718 1460 767 1496 ova
778 1443 935 1510 relinquens,

249 1511 359 1564 Arduus
371 1512 406 1564 ad
418 1512 505 1580 solem,
517 1520 545 1564 et
556 1513 655 1582 linguis
667 1514 749 1565 micat
761 1529 804 1564 ore
817 1512 938 1564 trisulcis.

286 1581 440 1633 Morborum
452 1599 555 1649 quoque
567 1588 594 1635 te
606 1600 698 1636 causas
711 1587 737 1633 et
750 1583 824 1648 signa
837 1581 939 1633 docebo.
1045 1584 1096 1631 440

250 1649 348 1719 Turpis
360 1667 419 1702 oves
432 1655 519 1704 tentat
532 1651 638 1719 scabies,
650 1651 697 1704 ubi
709 1651 821 1717 frigidus
833 1650 916 1702 imber

251 1719 342 1771 Altius
354 1719 388 1771 ad
400 1719 490 1772 vivum
502 1721 617 1789 persedit
629 1727 656 1773 et
668 1721 774 1773 horrida
786 1738 851 1772 cano

250 1788 353 1840 Bruma
364 1789 441 1856 gelu;
458 1791 500 1841 vel
512 1807 595 1857 quum
607 1791 689 1842 tonsis
700 1791 791 1842 illotus
803 1790 913 1842 adhaesit

251 1857 346 1924 Sudor,
358 1864 385 1910 et
396 1858 492 1910 hirsuti
504 1866 643 1912 secuerunt
656 1877 762 1928 corpora
775 1876 872 1927 vepres.

250 1926 382 1979 Dulcibus
394 1927 489 1979 idcirco
502 1928 589 1981 fluviis
601 1946 682 1998 pecus
694 1946 770 1981 omne
781 1928 902 1995 magistri

251 1995 429 2064 Perfundunt,
441 1997 551 2066 udisque
564 1998 630 2050 aries
642 1999 671 2050 in
683 1998 789 2066 gurgite
802 1998 871 2049 villis

251 2064 392 2133 Mereatur,
404 2066 549 2135 missusque
562 2068 675 2119 secundo
688 2068 781 2120 delluit
794 2067 883 2129 amni3

251 2134 310 2186 Aut
322 2140 428 2186 tonsum
439 2136 510 2187 tristi
523 2137 682 2205 contingunt
694 2153 787 2201 cerpus
799 2153 914 2202 amurca,

250 2203 288 2254 Et
301 2221 407 2271 spumas
418 2204 530 2257 miscent
542 2207 653 2273 argenti,
666 2210 693 2258 et
705 2206 806 2257 sulfura
818 2206 885 2267 viva,

252 2272 390 2340 Idaeasque
402 2273 480 2340 pices,
492 2279 520 2326 et
532 2275 643 2342 pingues
654 2276 773 2343 unguine
786 2291 865 2341 ceras,
1047 2276 1098 2324 aab

250 2341 419 2410 scillamque,
432 2343 608 2412 elleborosque
619 2362 719 2411 graves,
726 2344 883 2410 nigrumque
895 2342 1021 2394 bitumen.

251 2410 313 2462 Non
326 2415 415 2462 tamen
426 2412 482 2464 ulla
494 2415 577 2480 magis
590 2431 703 2482 praesens
715 2415 822 2464 fortuna
833 2412 953 2463 laborum
965 2423 1012 2476 ost,

252 2479 339 2543 Quam
352 2479 374 2531 si
386 2481 444 2547 quis
456 2482 524 2534 ferro
536 2484 624 2550 potuit
635 2483 782 2534 rescindere
794 2499 926 2533 summurn

251 2548 355 2601 Ulceris
367 2565 402 2602 os.
433 2549 523 2602 Alitur
536 2553 633 2603 vitium
645 2552 763 2618 vivitque
776 2551 895 2617 tegendo,

249 2618 325 2670 Dum
336 2618 450 2670 medicas
462 2620 585 2672 adhibere
597 2638 692 2673 manus
705 2621 739 2672 ad
751 2620 861 2672 vulnera
873 2629 961 2687 pastor

250 2687 385 2755 Abnegat,
397 2694 445 2740 aut
456 2690 563 2742 meliora
575 2690 636 2742 deos
649 2690 721 2742 sedet
734 2688 822 2742 omina
832 2707 950 2760 poscens.

250 2757 324 2818 Quin
337 2756 421 2835 etiarn,
432 2757 487 2809 ima
499 2759 573 2813 dolor
585 2759 729 2817 balantum
741 2761 834 2836 lapsus
847 2763 959 2820 adessa

242 2824 331 2880 (dmm
340 2821 413 2888 ‘⁰¹²6
426 2829 508 2894 “qve
519 2838 597 2886 artus
612 2833 778 2910 depascitur
792 2839 876 2898 arida
886 2838 986 2907 lebas,
