2700 3242
506 290 673 344 AENEIDOS
691 290 758 342 LIB.
770 289 832 343 XII.
1042 290 1093 342 361

255 404 272 431 “
281 400 322 453 Ne
333 413 387 467 qua
398 397 463 451 meis
475 402 530 450 esto
543 395 621 448 dictis
632 411 711 446 mora
750 392 860 460 Jupiter
873 391 923 444 hac
935 394 996 444 stat.

253 468 315 522 Nou
326 466 386 536 quis
397 465 430 519 ob
441 466 577 534 inceptum
589 462 707 516 subitum
718 461 785 514 mihi
796 461 900 529 segnior
910 462 957 515 ito.

254 537 354 590 Urbem
365 535 450 603 hodie,
462 551 569 588 oausam
580 533 651 599 belli,
662 550 745 600 regua
755 532 814 600 ipsa
825 532 924 601 Latini,

254 606 292 660 Ni
302 606 408 658 frenum
419 604 536 672 accipere
549 610 576 656 et
587 603 652 656 vieti
664 619 754 671 parere
766 602 892 667 fatentur,

255 675 362 741 Erunm,
375 681 401 727 et
413 691 488 742 aequa
501 673 553 724 solo
565 673 698 723 fumantia
710 671 827 723 culmina
838 688 941 738 ponam

256 743 362 799 Scilicet
374 750 531 811 exspectem,
543 742 624 793 libeat
636 742 701 793 dum
713 741 805 809 proelia
816 740 904 793 Turno
1048 742 1099 793 570

256 814 354 868 Nostra
365 813 429 882 pati,
441 828 583 878 rursusque
595 810 660 863 velit
672 827 826 863 concurrere
838 809 944 863 victus?

203 893 212 903 '
257 883 316 936 Hoc
329 888 417 951 caput,
429 899 445 934 0
457 881 534 948 cives,
545 879 603 932 haec
614 878 678 932 belli
690 896 793 931 summa
804 880 920 933 nefandi.

258 953 336 1006 Ferte
347 951 417 1004 faces
430 967 544 1019 propere,
556 949 694 1017 foedusque
706 949 834 1017 reposcite
845 946 976 1003 flummis''

257 1021 377 1089 Dixerat,
389 1026 470 1088 atque
482 1019 577 1071 animis
589 1019 688 1087 pariter
699 1018 861 1070 certantibus
873 1036 963 1071 omnes

259 1091 333 1144 Dant
345 1107 467 1155 cuneum,
480 1089 611 1155 densaque
622 1088 657 1139 ad
668 1105 757 1139 muros
768 1088 836 1139 mole
848 1088 978 1141 fenmtur.

259 1160 342 1214 Soolae
354 1159 501 1227 improviso,
514 1157 669 1224 subitusque
682 1158 806 1225 apparuit
818 1156 894 1224 ignis

259 1229 419 1282 Discurrunt
431 1228 477 1280 alii
489 1228 524 1279 ad
535 1233 631 1294 portas,
644 1226 793 1294 primosque
805 1227 938 1279 trucidant
950 1244 958 1289 ;

260 1298 371 1351 Ferrum
383 1298 429 1350 alii
441 1302 572 1364 torquent,
585 1304 612 1348 et
624 1294 782 1347 obumbrant
794 1295 892 1348 aethera
904 1295 972 1351 telis.

261 1369 276 1421 I
296 1385 322 1419 se
334 1368 404 1419 inter
415 1366 513 1436 primos
526 1365 647 1446 dextram
660 1363 708 1416 sub
720 1364 818 1444 moenia
829 1365 916 1417 tendit

262 1439 718 1570 retttsmttttttfftssttttt
725 1433 903 1570 iffi&
1006 1541 1009 1547 .
1053 1436 1105 1486 ⁵⁸⁰

261 1575 308 1628 Bis
316 1577 374 1643 jam
386 1523 469 1626 italos
481 1573 583 1636 hostes;
600 1573 657 1624 haec
669 1571 753 1624 altera
764 1571 863 1625 foedera
874 1571 969 1641 rumpi.

262 1644 389 1698 Exoritur
401 1643 517 1711 trepidos
528 1642 599 1693 inter
610 1641 739 1693 discordia
751 1641 834 1695 cives:

263 1712 362 1771 Urbem
374 1713 422 1765 alii
432 1728 546 1763 reserare
554 1711 658 1779 jubent,
670 1717 698 1762 et
710 1711 825 1778 pandere
836 1716 925 1780 portas

263 1781 431 1849 Dardanidis,
443 1781 582 1849 ipsumque
594 1781 706 1833 trahunt
717 1781 747 1832 in
758 1782 855 1834 moenia
865 1798 955 1848 regem
961 1798 969 1845 ;

263 1851 347 1904 Arma
359 1851 449 1902 ferunt
462 1849 515 1916 alii,
528 1855 556 1901 et
567 1855 684 1918 pergunt
696 1849 835 1902 defendere
846 1867 948 1904 muros:

265 1920 386 1973 Inclusas
398 1926 430 1972 ut
442 1936 525 1987 quum
537 1917 665 1971 latebroso
677 1919 707 1970 in
718 1919 823 1986 pumice
834 1926 924 1987 pastor

265 1989 417 2057 vestigavit
428 2005 498 2057 apes,
510 1988 636 2055 fumoque
648 1987 770 2055 implevit
781 2005 885 2051 amaro;

266 2059 323 2112 Illae
335 2059 409 2110 intus
421 2057 531 2126 trepidae
542 2073 630 2108 rerum
643 2074 690 2125 per
701 2073 776 2108 cerea
787 2063 874 2108 castra

265 2128 434 2193 Discurrunt,
444 2127 600 2194 magnisque
612 2131 714 2177 acuunt
726 2125 881 2177 stridoribus
892 2124 959 2178 iras:
1058 2127 1109 2178 590

267 2197 391 2249 Volvitur
403 2202 460 2248 oter
472 2197 534 2248 odor
546 2196 638 2258 tectis;
657 2201 716 2246 tum
727 2212 862 2247 mmmure
873 2211 942 2248 coeoo

268 2265 346 2318 Intus
359 2282 423 2318 saxa
435 2270 544 2329 sonant3
562 2282 658 2317 vacuas
670 2264 693 2315 it
705 2263 795 2315 sumus
806 2264 840 2316 ad
852 2281 937 2317 auras.

302 2334 409 2387 Accidit
420 2335 476 2388 hec
488 2334 563 2386 fessis
575 2334 656 2386 etiam
667 2334 776 2385 fortuna
787 2333 896 2401 Latinis,

268 2404 333 2468 Quae
345 2410 429 2456 totam
441 2405 516 2456 luctu
529 2403 659 2456 concussit
671 2402 794 2453 funditus
805 2402 904 2456 urbem

269 2473 372 2540 Regina
384 2479 415 2525 ut
427 2474 505 2525 tectis
517 2472 666 2524 venientem
678 2471 804 2539 prospicit
816 2472 929 2535 hostem,

269 2542 368 2595 Incessi
380 2559 475 2608 muros,
487 2542 561 2608 ignes
573 2541 608 2592 ad
620 2546 691 2592 tecta
703 2540 798 2607 volare,

268 2611 407 2679 Nusquam
420 2612 488 2663 acies
501 2616 592 2662 contra
605 2609 727 2676 Rutulas,
739 2610 814 2662 nulla
825 2609 933 2677 agmina
944 2609 1042 2673 rumh

270 2680 370 2732 Infelix
381 2697 479 2749 pugnas
488 2681 614 2749 juvenem
624 2679 654 2731 in
666 2679 809 2732 certamine
821 2679 905 2732 credit

270 2750 455 2814 Exstinctum;
473 2756 507 2816 et,
520 2747 606 2801 subito
617 2754 736 2802 mentem
746 2749 859 2803 trnbata
869 2749 976 2814 dolore,

268 2819 418 2873 Sacamum
431 2819 536 2890 clamat,
549 2819 716 2894 crimenque,
727 2826 873 2896 caputque
880 2818 1049 2873 rumorum
1096 2802 1158 2849 effi
