2700 3242
551 269 718 323 AENEIDOS
737 270 805 324 ΠΒ.
825 271 847 324 Ι.
1067 268 1116 324 107

271 369 326 424 Nec
336 370 428 422 minus
440 370 540 422 interea
553 370 627 422 sociis
640 371 673 422 ad
688 371 765 422 litora
776 371 860 423 mittit

272 439 376 508 Viginti
389 449 486 506 tauros,
498 457 654 508 magnorum
666 440 799 492 horrentia
811 450 918 492 centum

211 568 213 573 ¹
270 509 354 578 Terga
367 526 452 575 suum,
465 509 576 590 pingues
589 516 696 561 centum
708 527 769 561 cum
781 510 908 562 matribus
920 529 1008 579 agnos,

269 576 385 631 Munera
396 579 571 646 laetitramque
583 579 633 631 dei.

269 650 305 700 At
317 649 413 700 domus
425 647 535 700 interior
545 648 628 716 regali
641 647 780 716 splendida
791 647 859 700 luxu

270 717 426 782 instruitur,
437 718 580 785 mediisque
593 724 688 786 parant
700 717 820 769 convivia
833 718 926 772 tectis:

270 786 332 839 Arte
345 787 470 838 laboratae
483 797 567 838 vestes
579 794 699 854 ostroque
712 787 830 854 superbo,

270 855 367 924 Ingens
379 862 519 923 argentum
530 856 632 922 mensis,
646 856 790 923 eaelataque
802 856 907 909 inaure
1059 863 1112 911 640

268 924 359 978 Fortia
371 925 443 977 facta
455 934 568 994 patrum,
582 925 658 977 series
671 925 822 993 longissima
834 944 929 994 rerum,

206 1006 208 1011 '
266 993 317 1046 Per
328 1000 370 1046 tot
382 994 463 1046 dueta
475 996 543 1047 viros
556 996 666 1062 antiqua
679 993 712 1046 ab
724 995 823 1062 origine
835 997 928 1063 gentis.

299 1064 518 1132 AEneas—neque
530 1064 600 1116 enim
612 1064 713 1131 patrius
726 1064 864 1116 consistere
876 1074 991 1118 mentem

267 1131 362 1186 Passus
374 1134 603 1201 amor-rapidum
616 1133 649 1184 ad
662 1151 742 1185 naves
754 1135 893 1202 praemittit
906 1136 1033 1204 Achaten,

265 1202 378 1255 Ascanio
390 1204 458 1255 ierat
470 1203 535 1270 haee,
548 1203 686 1271 ipsumque
698 1202 733 1255 ad
745 1203 841 1254 moenia
854 1203 941 1257 ducat.

266 1271 357 1325 Omnis
369 1273 398 1323 in
411 1273 522 1325 Ascanio
535 1273 588 1324 cari
601 1279 654 1324 stat
666 1290 729 1324 cura
741 1273 864 1340 parentis.

264 1340 378 1394 Munera
408 1351 522 1408 raeterea,
538 1342 625 1394 Iliacis
637 1349 728 1409 erepta
738 1343 830 1407 ruinis,

263 1409 341 1463 Ferre
349 1413 383 1478 ju
417 1418 435 1478 t,
448 1411 546 1481 pallam
558 1411 640 1478 signis
652 1428 767 1479 auroque
778 1411 915 1478 rigentem,

263 1478 297 1532 Et
309 1481 516 1532 circumtextum
527 1498 615 1533 croceo
629 1481 746 1532 velamen
759 1479 879 1546 acantho,

263 1548 378 1602 Ornatus
390 1550 497 1618 Argivae
511 1550 638 1613 Helenae;
656 1567 721 1617 quos
733 1549 780 1601 illa
791 1549 917 1617 Mycenis,
1053 1556 1103 1604 650

262 1616 391 1687 Pergama
403 1635 485 1687 quum
498 1625 598 1688 peteret
610 1620 822 1685 inconcessosque
835 1618 990 1688 hymenaeos,

262 1686 410 1756 Extulerat,
422 1690 513 1741 matris
525 1688 601 1741 Ledae
613 1688 733 1740 mirabile
746 1688 859 1741 donum:

261 1755 391 1810 Praeterea
403 1767 542 1827 sceptrum,
555 1758 639 1810 Ilione
651 1758 722 1825 quod
734 1766 848 1824 gesserat
860 1757 929 1825 olim,

260 1824 380 1879 Maxima
392 1833 515 1879 natarum
528 1827 634 1893 Priami,
647 1826 765 1893 colloque
776 1827 873 1879 monile

259 1893 411 1963 Baccatum,
424 1904 451 1949 et
463 1897 595 1964 duplicem
607 1897 717 1964 gemmis
729 1914 844 1964 auroque
857 1914 984 1951 coronam.

258 1963 324 2017 Haec
337 1964 459 2032 celerans,
472 1966 522 2018 iter
534 1966 568 2018 ad
581 1983 660 2017 naves
673 1965 798 2017 tendebat
809 1966 930 2017 Achates.

291 2034 330 2087 At
342 2034 470 2102 Cytherea
481 2052 561 2088 novas
573 2042 650 2102 artes,
662 2052 731 2087 nova
742 2041 845 2103 pectore
858 2047 944 2086 versat

258 2103 382 2170 Consilia,
391 2110 425 2167 ut¹
435 2105 528 2156 faciem
541 2110 659 2156 mutatus
671 2111 699 2156 et
711 2122 755 2156 ora
768 2104 868 2172 Cupido

201 2230 204 2243 Ι
257 2171 307 2225 Pro
320 2172 393 2224 dulci
406 2173 517 2226 Ascanio
530 2174 626 2240 veniat,
639 2173 765 2241 denisque
776 2174 907 2225 furentem

256 2240 386 2294 Incendat
398 2243 523 2309 reginam,
536 2251 615 2311 atque
627 2243 727 2294 ossibus
740 2243 858 2310 implicet
870 2243 975 2309 ignem3
1047 2247 1096 2295 660

255 2310 360 2379 Quippe
372 2310 479 2363 domum
492 2313 568 2365 timet
581 2312 732 2379 ambiguam
744 2313 885 2380 Tyriosque
900 2313 1035 2379 bilingues.

254 2379 315 2432 Urit
327 2386 405 2432 atrox
417 2381 437 2434 J
437 2398 498 2448 uno,
510 2388 537 2433 et
549 2381 597 2433 sub
609 2389 713 2433 noctem
725 2399 789 2433 cura
799 2391 922 2433 recursat.

253 2449 324 2517 Ergo
337 2449 379 2500 his
391 2449 520 2518 aligerum
532 2451 611 2503 dietis
623 2451 720 2502 affatur
732 2451 869 2502 Amorem:

251 2520 267 2547 ‘⁴
275 2519 355 2582 Nate,
367 2536 432 2572 meae
444 2519 519 2584 vires,
531 2535 590 2570 mea
599 2535 699 2584 magna
711 2519 829 2585 potentia
842 2519 919 2583 solus,

251 2585 331 2650 Nate,
344 2586 427 2653 patris
439 2585 534 2636 summi
547 2587 592 2652 qui
605 2587 658 2636 tela
670 2585 791 2652 Typhoia
804 2587 906 2650 temnis,

251 2655 296 2707 Ad
308 2661 336 2706 te
348 2654 479 2720 confugio,
492 2664 518 2706 et
531 2654 642 2722 supplex
655 2659 703 2704 tua
715 2655 825 2705 numina
837 2673 920 2721 poseo.

252 2723 348 2777 Frater
359 2730 392 2775 ut
400 2723 497 2775 AEneas
506 2723 600 2792 pelago
614 2731 677 2778 tuus
690 2723 780 2782 omnia
792 2724 898 2780 circum

244 2792 336 2842 Litora
338 2793 462 2856 jactetur
471 2793 539 2845 odiis
551 2795 574 2850 J
575 2796 675 2854 unonis
687 2798 804 2874 iniquae,
