2700 3242
501 318 682 373 BUGOLIOA.
718 320 790 375 ECL.
810 321 857 376 IX.
1065 331 1097 382 21

250 416 345 486 Aspice
355 435 363 481 ς
382 417 511 487 corripuit
522 421 642 473 tremulis
654 422 751 475 altaria
762 423 874 476 flammis

250 485 348 556 Sponte
361 505 417 553 sua,
430 488 495 538 dum
506 490 573 542 ferre
586 508 679 558 moror,
692 492 757 543 cinis
770 493 832 561 ipse.
862 495 966 546 Bonum
979 497 1031 549 sit!

250 555 342 609 Nescio
355 557 420 624 quid
433 563 504 609 certe
516 565 573 622 est;
591 566 619 611 et
631 560 723 627 Hylax
735 561 764 611 in
777 562 868 614 limine
880 564 969 617 latrat.

250 625 406 678 Credimus?
424 643 466 692 an,
480 627 526 694 qui
538 635 637 695 amant,
649 630 700 696 ipsi
712 630 761 681 sibi
775 633 875 683 somnia
887 634 1011 699 fingunt?

250 694 361 764 Parcite,
374 694 408 748 ab
420 695 485 748 urbe
497 697 577 763 venit,
586 698 644 763 jam
656 699 764 766 parcite,
777 701 902 769 carmina,
914 701 1056 770 Daphnis.”

497 808 634 862 ECLOGA
653 811 699 863 IX.
717 811 851 866 MOERIS.

270 901 336 956 ch.
355 901 413 966 Quo
425 906 460 969 te,
468 902 554 969 Mccri,
563 903 662 970 pedes?
680 921 723 971 an,
735 922 787 972 quo
798 905 843 958 ria
855 906 936 974 ducit,
945 907 974 958 in
986 908 1078 961 urbem
1088 908 1099 963 i

271 972 353 1024 Mas.
372 970 394 1023 Ο
406 971 513 1039 Lycida,
525 971 580 1024 vivi
591 973 766 1041 pervenimus,
778 974 881 1027 advena
892 977 975 1027 nostri

250 1038 336 1105 (Quod
348 1056 489 1108 nunquam
500 1041 578 1093 veriti
590 1040 700 1109 sumus)
712 1051 744 1093 ut
755 1059 885 1110 possessor
895 1044 975 1112 agelli

249 1107 371 1161 Diceret:
391 1110 405 1136 “
415 1109 481 1160 Haec
492 1126 550 1162 mea
562 1114 642 1173 sunt;
660 1116 760 1164 veteres
772 1112 884 1179 migrate
896 1113 1005 1166 coloni.”

249 1176 328 1230 Nunc
340 1177 414 1244 victi,
426 1178 522 1244 tristes,
535 1177 659 1243 quoniam
671 1177 736 1229 Fors
748 1181 836 1229 omnia
847 1184 942 1244 versat,

249 1244 305 1299 Hcs
317 1247 359 1299 illi
373 1246 455 1314 (quod
467 1262 515 1297 nec
526 1245 592 1298 bene
604 1245 703 1313 vertat)
715 1246 847 1298 mittimus
860 1247 954 1298 haedcs.

273 1315 338 1368 Luc.
357 1316 433 1368 Certe
445 1315 566 1381 equidem
577 1315 719 1381 audieram,
733 1332 787 1382 qua
799 1331 826 1365 se
838 1314 982 1367 subducere
994 1315 1072 1366 collus

250 1383 396 1454 Incipiunt,
408 1384 534 1451 mollique
542 1386 639 1452 jugum
651 1384 790 1435 demittere
802 1382 877 1449 clivo,

251 1453 341 1522 Usque
352 1453 387 1505 ad
399 1470 495 1522 equam
507 1459 534 1504 et
545 1462 653 1519 veteres,
662 1454 720 1521 jam
731 1454 817 1505 fracta
828 1451 973 1519 cacumina,
985 1453 1067 1520 fugos,

249 1522 518 1576 Omniacarminibus
529 1528 646 1575 vestrum
658 1539 772 1574 servasse
784 1521 930 1574 Menalcan.
1066 1524 1098 1573 10

272 1592 356 1646 Mean.
374 1592 509 1658 Audieras,
522 1597 549 1644 et
561 1592 632 1644 fama
643 1591 714 1655 fuit3
733 1592 777 1643 sed
790 1591 906 1643 carmina
917 1597 1024 1644 tantum

247 1660 347 1715 Nostra
358 1661 456 1728 valent,
468 1661 573 1729 Lycida,
587 1661 641 1712 tela
651 1660 722 1712 inter
733 1661 839 1727 Martia,
852 1667 983 1728 quantum

248 1731 381 1784 Chaonias
393 1731 493 1796 dicunt,
505 1730 596 1797 aquila
608 1729 737 1796 veniente,
750 1730 890 1782 columbas.

248 1800 328 1865 Quod
339 1799 391 1852 nisi
402 1817 445 1851 me
456 1816 620 1867 quacumque
633 1815 713 1850 novas
725 1799 839 1851 incidere
850 1799 911 1851 lites

247 1869 323 1922 Ante
334 1869 440 1921 sinistra
452 1885 516 1921 cava
527 1868 673 1920 monuisset
684 1867 718 1920 ab
730 1869 790 1920 ilice
802 1868 910 1920 cornix:

247 1938 307 1992 Nec
319 1943 383 1990 tuus
394 1937 438 1989 hie
449 1937 548 2004 Moeris,
559 1953 608 1989 nce
620 1937 721 1989 viveret
732 1937 788 2006 ipse
800 1936 942 1988 Menalcas.
1079 1998 1084 2009 ι

262 2006 328 2060 ch.
335 2007 404 2074 Heu,
409 2006 481 2059 cadit
488 2007 680 2074 inquemquam
686 2012 792 2058 tanturn
797 2006 898 2058 seclusi
907 2006 967 2073 heu,
973 2011 1019 2058 tua
1025 2004 1099 2057 nobis

248 2075 333 2129 Paene
344 2075 424 2128 simul
435 2082 524 2128 tecum
536 2075 630 2128 solatia
641 2081 726 2143 rapta,
738 2074 879 2126 Menalcat

249 2145 318 2209 Quis
330 2151 435 2197 caneret
446 2143 602 2213 Nymphas?
621 2144 680 2211 quis
692 2145 804 2196 humum
815 2143 968 2195 florentibus
980 2143 1067 2195 herbis

248 2214 270 2268 S
289 2219 400 2282 angeret,
412 2220 460 2267 aut
471 2213 550 2266 viridi
561 2214 647 2265 fontes
659 2213 796 2265 induceret
808 2212 921 2266 umbrat
1065 2214 1100 2264 20

277 2283 303 2336 el
315 2299 373 2351 quae
386 2283 487 2350 sublegi
500 2283 598 2335 tacitus
610 2282 659 2334 tibi
672 2283 789 2335 carmina
799 2296 885 2349 nuper

250 2353 342 2416 Quum
354 2359 382 2404 te
393 2352 427 2404 ad
440 2352 546 2404 delicias
558 2353 644 2418 ferres,
658 2350 829 2419 Amaryllida,
842 2348 963 2402 nostras?

249 2422 266 2449 “
274 2422 372 2490 Tityre,
385 2421 449 2473 dum
460 2421 544 2488 redeo,
556 2422 641 2474 brevis
654 2427 693 2472 est
706 2421 756 2485 via,
768 2436 846 2487 pasce
858 2419 978 2487 capellas,

249 2490 288 2544 Et
300 2498 394 2559 potum
405 2496 493 2559 pastas
506 2508 561 2558 age,
574 2491 670 2557 Tityre,
684 2496 711 2542 et
722 2490 792 2541 inter
803 2487 936 2555 agendum

251 2559 396 2613 Occursare
408 2577 494 2628 capro,
506 2577 587 2612 cornu
598 2559 661 2610 ferit
672 2559 726 2625 ille,
739 2563 829 2610 caveto
839 2556 866 2610 t”

275 2628 356 2682 Mssa.
376 2629 459 2681 immo
471 2629 535 2697 haec,
548 2645 605 2697 quae
620 2629 689 2680 Varo
701 2644 750 2679 nec
762 2627 826 2678 dum
837 2626 954 2694 perfecta
966 2626 1077 2680 canebat

251 2699 268 2726 “
277 2698 354 2766 Vare,
366 2704 444 2751 tuum
456 2715 558 2766 nomen,
571 2703 676 2778 superet
687 2696 764 2751 modo
776 2696 891 2752 Mantua
900 2695 988 2763 nebit,

250 2767 363 2819 Mantua
377 2785 414 2817 rae
421 2767 524 2818 miserae
535 2767 650 2823 nimium
664 2769 756 2827 vicina
768 2771 908 2830 Cremonae

240 2833 381 2881 cannatas
388 2832 502 2887 subhinc
512 2836 604 2894 ferent
617 2843 653 2899 ad
666 2844 763 2907 sidera
777 2848 885 2924 cycnin
911 2817 918 2844 ³
