2700 3242
475 302 658 357 BUGOLIGA.
695 304 768 359 Ebu
786 304 868 360 VIII.
1058 318 1091 371 19

243 406 370 473 Dumque
383 406 434 460 tibi
446 414 486 460 est
497 407 556 459 odio
568 425 626 460 mec
637 407 735 475 fistula,
747 408 864 477 dumque
877 409 993 479 capellae,

243 476 444 544 Hirsutumque
457 476 633 545 supercilium,
645 478 823 546 promissaque
836 479 923 546 barba,

242 545 269 597 N
269 563 299 599 ec
312 563 406 598 curare
419 547 499 597 deum
511 546 594 597 credis
606 546 728 598 mortalia
740 552 915 615 quemquam!

244 614 303 667 Inci
352 615 491 667 Maenalios
502 631 614 682 mecum,
625 633 685 667 mee
696 615 769 682 tibia,
782 633 878 670 versus.

243 633 357 753 Sepibbs
369 685 398 736 in
411 684 507 736 nostris
519 701 627 752 parvum
640 690 666 736 te
678 685 779 736 roscida
790 685 862 738 mals

244 754 321 820 (Dux
334 771 382 821 ego
395 760 483 806 vester
495 752 577 820 erem)
590 754 646 805 vidi
658 770 719 804 eum
730 760 815 805 matre
828 754 966 821 legentem.

243 822 321 874 Alter
333 822 367 875 ab
379 823 519 874 undecimo
531 828 590 873 tum
601 839 644 873 me
653 823 711 889 jam
723 829 828 891 ceperat
840 840 943 888 ennus3

243 891 263 944 J
264 909 308 943 em
320 892 429 959 fragiles
441 898 560 960 peterem
571 908 588 942 e
600 897 670 942 terra
682 892 833 958 contingere
844 910 937 946 ramos.
1058 897 1094 946 40

243 960 282 1012 Ut
294 961 359 1027 vidi,
371 967 403 1012 ut
415 961 490 1029 perii,
502 966 535 1012 ut
546 977 588 1011 me
599 960 686 1012 melus
698 959 809 1012 abstulit
821 964 906 1014 error!

243 1029 339 1098 Incipe
352 1029 490 1081 Maenelies
502 1046 613 1096 mecum,
625 1046 685 1080 mee
697 1029 771 1095 tibia,
783 1047 880 1082 versus.

241 1097 269 1152 N
269 1115 324 1150 unc
337 1099 397 1165 scio,
410 1099 475 1166 quid
488 1099 522 1149 sit
534 1097 631 1162 Amen
650 1098 722 1149 duris
734 1098 763 1149 in
776 1098 877 1150 cotibus
889 1099 966 1151 illum

242 1167 300 1220 Aut
312 1168 429 1234 Tmaros,
440 1173 489 1219 eut
501 1167 634 1235 Rhodope,
648 1173 695 1219 aut
707 1169 819 1219 extremi
832 1168 1003 1221 Garamantes

242 1235 299 1289 Nec
312 1237 416 1304 generis
428 1236 511 1288 nostri
522 1253 635 1305 puerum
646 1253 695 1288 ncc
707 1237 843 1304 sanguinis
856 1237 945 1289 edunt.

243 1304 338 1374 Incipe
350 1305 488 1357 Maenulios
499 1322 610 1372 meeum,
622 1322 682 1357 mea
694 1304 768 1370 tibia,
780 1322 876 1358 versus.

242 1373 338 1427 Saevus
349 1373 430 1425 Amor
442 1374 532 1426 docuit
544 1380 666 1426 natorum
679 1373 808 1440 sanguine
819 1380 929 1425 matrem

243 1443 442 1496 Commeetssure
453 1460 547 1495 manus
557 1461 565 1506 ;
583 1442 697 1494 crudelis
709 1449 741 1494 tu
753 1458 863 1509 quoque,
874 1450 965 1496 mater.

243 1511 365 1564 Crudelis
376 1518 461 1565 mater
472 1513 564 1579 magis,
576 1528 611 1563 un
622 1528 689 1580 puer
700 1510 834 1579 improbus
846 1512 891 1563 ille
901 1510 913 1563 P

244 1580 385 1650 Improbus
397 1581 442 1633 ille
454 1598 536 1649 puer3
555 1580 668 1633 crudelis
680 1586 712 1632 tu
724 1596 835 1647 quoque,
847 1588 938 1635 muter.
1057 1583 1092 1634 60

243 1650 340 1719 Incipe
353 1650 489 1702 Maenelios
500 1667 611 1716 mecum,
622 1666 682 1701 mee
694 1648 766 1715 tibia,
779 1666 875 1702 versus.

243 1718 325 1771 Nunc
338 1725 365 1772 et
377 1736 436 1772 oves
448 1719 518 1771 ultro
531 1719 618 1786 fugiat
630 1717 725 1786 lupus:
744 1735 823 1770 aurea
834 1719 908 1771 durae

243 1787 320 1841 Mula
331 1789 419 1841 ferent
431 1805 541 1854 quercus
552 1806 559 1851 ;
577 1787 691 1839 narcisse
702 1787 793 1839 flereat
805 1788 898 1841 ulnus:

243 1855 362 1925 Pinguia
374 1857 513 1910 corticibus
525 1857 622 1908 sudent
634 1856 731 1908 electra
742 1857 849 1924 myrices
860 1876 867 1920 ;

244 1926 354 1979 Certent
366 1931 394 1978 et
406 1926 496 1993 cycnis
507 1926 589 1977 ululae
600 1944 607 1987 ;
626 1925 660 1977 sit
672 1925 779 1992 Tityius
793 1925 911 1994 Orpheus
922 1943 929 1989 3

245 1994 367 2064 Orpheus
379 1996 408 2046 in
420 1995 499 2063 silvis,
511 1995 582 2046 inter
594 1994 731 2062 delphinas
743 1995 832 2047 Arion.

244 2063 341 2132 Incipe
352 2064 490 2116 Maenalios
501 2080 613 2128 mecum,
624 2081 684 2115 mee
696 2062 769 2129 tibia,
781 2080 876 2116 versus.

244 2133 343 2186 Omnia
355 2133 397 2186 vel
408 2133 525 2185 medium
537 2133 604 2184 fient
615 2149 694 2184 mere.
725 2132 814 2184 Visite
827 2133 899 2186 silvae
910 2151 918 2197 ;

243 2201 366 2270 Praeceps
377 2203 444 2257 cerii
456 2201 563 2270 specula
574 2202 608 2253 de
619 2202 716 2253 mentis
728 2201 757 2252 in
769 2201 854 2254 undas

243 2270 373 2334 Deserer3
391 2277 539 2324 extremum
550 2270 600 2322 hoc
611 2288 708 2321 munus
720 2271 855 2322 morientis
867 2269 969 2323 habeto.
1057 2272 1090 2328 60

242 2339 342 2394 Desine
355 2339 499 2406 Maenalios,
507 2342 564 2406 jam
577 2339 673 2406 desine,
686 2339 758 2405 tibia,
771 2338 885 2391 versus”

278 2410 347 2461 Haec
359 2408 479 2462 Damon:
497 2426 549 2475 vos,
562 2425 621 2477 quse
633 2408 796 2476 responderit
808 2406 998 2476 Alphesiboeus,

242 2477 341 2544 Dicite,
354 2476 470 2530 Pierides
480 2496 487 2541 3
505 2495 558 2529 non
570 2477 658 2529 omniu
669 2493 807 2545 possumus
819 2493 914 2529 omnes.

276 2549 369 2601 Auen.
388 2547 479 2600 “Effer
489 2563 593 2614 equam,
605 2551 632 2597 et
643 2547 717 2598 molli
729 2547 808 2664 cinqp
817 2547 873 2599 haec
884 2547 978 2600 ultasia
990 2549 1064 2617 vitta,

242 2614 431 2681 verbenasque
443 2612 517 2665 adole
529 2613 641 2680 pingues
653 2619 680 2665 et
691 2628 781 2662 mascu
820 2612 907 2666 thum,

242 2683 371 2753 Oenjugis
382 2688 414 2734 ut
425 2681 535 2749 magicis
546 2698 622 2733 senos
634 2686 751 2734 avertere
763 2681 843 2736 sacris

241 2753 488 2819 Expenietsensum
501 2749 574 2801 m'lu'l
581 2749 629 2802 tic
639 2750 693 2804 nisi
706 2755 829 2812 carmina
841 2755 953 2816 desunt,

227 2819 329 2866 Ducite
336 2815 373 2863 eb
384 2814 446 2865 urbe
457 2817 572 2884 domum,
587 2835 648 2876 mea
661 2827 799 2906 camina,
811 2831 915 2891 dum
925 2831 1081 2907 1,„,q,m
