2700 3242
263 305 316 356 alo
495 301 525 357 Ρ.
543 300 698 354 VIRGILII
709 298 877 353 masonis

266 402 383 456 Transiit
391 408 417 456 et
429 421 548 473 parmam
559 420 657 470 mucro,
668 402 737 454 levia
748 418 822 454 arma
834 404 951 468 minacis,

264 474 301 527 Et
312 475 438 540 tunicam,
449 474 523 525 molli
535 479 619 524 mater
631 489 711 540 quam
722 477 831 524 neverat
842 487 906 522 aurs»
918 488 925 533 ;

265 543 442 613 Implevitque
454 543 542 594 sinum
554 543 659 609 sanguis
669 560 677 605 ;
695 549 753 592 tum
766 541 821 591 vita
832 557 880 608 per
891 555 968 619 auras

266 613 396 664 Concessit
408 620 500 664 maesta
512 612 546 663 ad
558 628 654 676 manes,
667 626 812 678 corpusque
824 608 939 678 reliquit.
1053 593 1107 646 820

265 681 302 734 At
314 699 374 735 vero
386 689 418 734 ut
430 682 535 734 vultum
547 680 614 732 vidit
626 679 761 731 morientis
773 685 801 730 et
812 695 865 746 ora,

266 751 318 804 Ora
329 751 413 803 modis
425 750 596 803 Anchisiades
608 748 736 817 pallentia
746 747 828 810 miris,

265 820 400 888 Ingemuit
412 820 537 872 miserans
549 820 671 886 graviter,
684 817 856 885 dextramque
867 814 996 880 tetendit3

265 888 301 940 Et
312 896 427 941 mentem
439 888 531 957 patriae
543 887 673 940 strinxit*
684 887 790 955 pietatis
801 887 895 952 imago.

268 956 360 1020 “Quid
372 955 421 1008 tibi
434 973 512 1021 nunc,
525 954 670 1006 miserande
682 968 755 1019 puer,
765 969 816 1073 pro
828 951 953 1004 laudibus
966 949 1036 1015 istis,

266 1022 337 1087 Quid
348 1024 409 1092 pius
420 1023 516 1075 AEneas
528 1028 604 1075 tanta
616 1023 691 1076 dabit
702 1021 764 1074 indo
775 1038 790 1072 e
801 1020 932 1088 dignum?

266 1093 355 1158 Arma,
368 1092 463 1161 quibus
475 1093 588 1158 letatus,
600 1092 668 1145 habe
680 1097 746 1155 tua;
764 1098 843 1158 teque
854 1095 997 1159 parentum

267 1160 393 1215 Manibus
405 1168 432 1214 et
444 1162 533 1229 cineri,
546 1162 568 1213 si
580 1179 633 1230 qua
645 1167 685 1213 est
697 1178 728 1213 ea
739 1178 809 1226 cura,
822 1159 935 1213 remitto.

268 1229 328 1284 Hoc
340 1238 429 1283 tamen
441 1231 535 1283 infelix
547 1231 669 1282 miseram
681 1230 795 1282 solabere
807 1235 934 1281 mortem:

270 1297 359 1349 AEneae
371 1298 462 1363 magni
474 1297 568 1349 dextra
580 1298 676 1352 eadis.’'
713 1299 837 1365 increpat
849 1296 921 1348 ultro
1062 1297 1115 1348 830

266 1363 428 1416 Cunctanter
439 1365 527 1433 socios,
541 1371 568 1418 et
579 1371 650 1418 terra
661 1365 783 1418 sublevat
794 1365 889 1434 ipsum,

266 1432 401 1500 Sanguine
412 1439 566 1503 turpantem
578 1442 676 1488 comtos
689 1435 722 1486 de
733 1452 804 1487 more
816 1434 932 1502 capillos.

301 1502 407 1555 Interea
419 1505 522 1570 genitor
534 1504 649 1556 Tiberini
661 1504 696 1556 ad
707 1503 824 1555 fluminis
836 1504 937 1556 undam

266 1569 385 1625 Vulnera
396 1572 511 1626 siccabat
523 1573 645 1642 lymphis,
658 1590 803 1642 corpusque
815 1573 921 1625 levabat

266 1640 372 1694 Arboris
384 1642 492 1694 acclinis
505 1649 604 1695 trunco.
640 1642 736 1695 Procul
748 1660 816 1694 aerea
827 1643 907 1695 ramis

266 1710 405 1779 Dependet
417 1711 500 1778 galea,
513 1717 539 1763 et
551 1718 627 1780 prato
639 1712 731 1779 gravia
742 1729 816 1764 arma
828 1713 975 1780 quieseunt.

267 1779 345 1832 Stant
358 1779 420 1833 lecti
432 1781 532 1832 circum
540 1783 668 1848 juvenes:
687 1781 743 1849 ipse
755 1799 831 1848 aeger,
844 1781 979 1848 anhelans,

267 1848 340 1901 Colla
351 1849 430 1916 fovet,
442 1850 516 1901 fusus
529 1867 672 1918 propexam
684 1851 712 1902 in
725 1858 829 1918 pectore
841 1849 967 1913 barbam

266 1917 356 1971 Multa
367 1936 444 1987 super
457 1919 541 1970 Lauso
552 1921 657 1986 rogitat,
670 1921 838 1987 multumque
849 1920 971 1986 remittit,

268 1987 319 2051 Qui
331 1994 460 2055 revocent,
472 1989 608 2056 maestique
619 1990 707 2041 ferant
718 1990 844 2041 mandata
856 1989 981 2056 parentis
1061 1991 1112 2040 840

266 2057 304 2109 At
316 2057 430 2110 lausum
444 2059 506 2110 socii
518 2059 666 2110 exanimem
679 2076 757 2127 super
768 2077 841 2110 arma
853 2057 973 2110 ferebant

267 2125 380 2192 Flentes,
392 2128 534 2195 ingentem,
547 2134 626 2195 atque
639 2129 742 2194 ingenti
754 2129 863 2180 virinere
875 2128 984 2181 victum.

266 2195 384 2263 Agnovit
396 2197 473 2264 longe
485 2197 612 2264 gemitum
625 2215 742 2265 praesaga
753 2198 818 2249 mali
829 2215 910 2249 mens.

268 2265 397 2318 Canitiem
408 2267 493 2318 multo
506 2267 634 2319 deformat
645 2266 761 2334 pulvere,
773 2274 800 2318 et
812 2266 902 2318 ambas

267 2334 309 2386 Ad
322 2335 417 2387 coelum
429 2336 516 2388 tendit
528 2335 637 2404 palmas,
649 2342 676 2387 et
689 2353 794 2403 corpore
805 2336 924 2389 inhaeret

271 2407 286 2434 “
294 2406 413 2458 Tantane
425 2423 467 2456 me
479 2407 565 2457 tenuit
577 2407 691 2466 vivendi,
703 2417 771 2470 nate,
784 2409 912 2473 voluptas,

270 2467 306 2521 Ut
318 2487 364 2538 pro
376 2487 418 2522 me
430 2470 519 2522 hostili
530 2476 633 2537 paterer
646 2471 782 2523 succedere
795 2471 902 2538 dextrae,

269 2538 353 2602 Quem
365 2539 464 2606 genuil
482 2541 571 2590 Tuane
584 2539 641 2589 haeo
652 2540 756 2606 genitor
767 2558 814 2607 per
826 2542 936 2594 vulnera
947 2559 1043 2611 servor,

268 2606 354 2659 Morte
366 2616 414 2660 tua
426 2609 516 2660 vivens
526 2607 535 2659 l
554 2608 623 2673 Heu,
635 2626 707 2659 nunc
719 2609 812 2660 misero
823 2611 888 2661 mihi
902 2612 1009 2664 demum

262 2677 417 2732 Exsilium*
429 2683 442 2713 ¹*
454 2678 566 2733 infelix!
586 2695 656 2729 nunc
668 2678 722 2730 alte
734 2680 829 2731 vulnus
841 2681 983 2736 adactum!
1056 2687 1108 2738 sto

248 2747 330 2804 Idem
345 2769 403 2822 ego,
418 2763 490 2818 nate,
507 2766 585 2806 tuum
598 2747 731 2804 maculati
741 2750 848 2802 crimme
855 2767 959 2814 nomen,

235 2818 344 2879 Pulsus
356 2826 396 2882 oh
408 2827 550 2884 invidiam
566 2825 633 2883 solio
647 2822 816 2895 sceptrisque
824 2818 951 2886 patarum-

449 2929 464 2954 ·
478 2927 553 2970 suunt
775 2909 920 2952 ”mm
