2700 3242
367 310 533 364 AENEIDOS
552 312 617 365 LlB.
636 312 683 366 XI.
896 316 951 367 323

219 427 244 463 es
255 411 357 479 Teucri,
369 413 500 481 mixtique
512 413 620 481 impune
633 413 732 482 Latini,

218 497 228 532 e
236 480 317 548 jugis.
353 481 432 533 Ferro
445 488 520 535 sonat
531 483 586 534 icta
598 482 706 550 bipenni

218 567 251 613 ιη
269 555 394 602 evertunt
405 557 478 602 actes
489 551 524 603 ad
536 551 622 604 sidera
633 552 730 620 pinus;

218 635 265 670 nee
276 619 366 671 cuneis
379 625 406 671 et
418 619 532 672 olentem
544 620 661 672 scindere
674 621 789 687 cedrum,

218 688 293 739 nstris
305 694 408 740 cessant
420 694 523 740 vectare
536 689 703 756 gementibus
715 706 797 743 omos.

218 773 237 807 n
249 756 332 809 Fama
343 757 442 824 volens,
455 758 525 810 tanti
537 759 691 826 praenuncia
702 759 798 824 luctus,

218 843 255 876 rm
267 825 436 894 Evandrique
448 826 537 879 domos
549 834 577 879 et
588 827 686 879 mesnia
697 827 818 897 complet,
895 831 946 881 140

217 894 256 946 de
268 895 394 947 victorem
406 894 481 947 latio
494 895 619 948 Pallanta
631 896 738 950 ferebat.

225 964 259 1015 ed
271 970 360 1032 portas
368 981 453 1030 ruere,
465 970 492 1016 et
504 964 537 1016 de
550 982 621 1017 mere
633 972 738 1017 vetuste

217 1049 234 1083 ,s
246 1049 356 1101 rapuere
368 1033 446 1085 faces.
482 1033 565 1085 Lucet
577 1034 621 1086 via
633 1034 711 1102 longo

217 1100 386 1169 flammarum,
399 1108 427 1153 et
439 1101 493 1154 late
505 1102 668 1155 discriminat
681 1121 763 1170 agros.

217 1170 289 1223 turba
301 1170 438 1239 Phrygum
449 1171 557 1223 veniens
569 1171 724 1240 plangentia
732 1175 852 1240 jungimt

217 1275 225 1292 ι
261 1239 325 1304 Quae
338 1247 476 1308 postquam
489 1247 585 1293 matres
598 1240 735 1293 succedere
747 1242 825 1294 tectis

217 1314 242 1376 it,
253 1315 375 1361 maestam
386 1309 533 1361 incendunt
545 1308 701 1362 clamoribus
714 1309 813 1363 urbem

217 1377 370 1430 Evandrum
382 1378 451 1447 potis
463 1384 503 1430 est
514 1379 554 1430 vis
566 1378 622 1430 ulla
634 1384 723 1431 tenere
733 1397 741 1441 ;

216 1446 240 1498 it
252 1446 280 1499 iu
292 1446 397 1500 medios.
433 1447 539 1500 Feretro
552 1446 675 1499 Pallanta
687 1454 790 1516 reposto

215 1515 248 1567 1it
253 1533 337 1585 super,
343 1521 421 1584 atque
430 1515 512 1568 haeret
520 1516 711 1584 lacrimansque
718 1533 884 1586 gemensque,
894 1520 946 1570 15⁰

216 1585 254 1637 rix
265 1585 373 1638 tandem
386 1585 443 1637 voci
455 1585 545 1638 laxata
557 1585 645 1638 dolore
657 1591 713 1639 est:

216 1669 265 1717 iaec,
278 1669 293 1705 ο
306 1653 388 1717 Palla,
401 1654 508 1706 dederas
521 1652 649 1720 promisse
662 1653 776 1719 parenti.

226 1728 257 1774 ut
270 1739 336 1775 savo
348 1721 428 1774 velles
440 1727 468 1773 te
479 1722 582 1774 credere
594 1721 693 1777 Marti!

318 1807 396 1857 eram,
409 1796 539 1858 quantum
551 1808 619 1843 nova
631 1790 714 1858 gloria
725 1791 755 1844 in
766 1791 853 1858 annis,

224 1860 283 1913 ulce
295 1860 375 1913 decus
387 1860 470 1928 primo
483 1860 625 1912 certamine
638 1868 731 1929 posset.

215 1946 232 1981 e
241 1929 347 1996 juvenis
358 1929 475 1980 miserael
494 1928 608 1997 bellique
621 1930 762 1998 propinqui

214 1998 357 2050 rdimenta!
377 2004 404 2050 et
415 1997 483 2050 nulli
495 1998 621 2050 exaudita
634 1998 742 2051 deorum

215 2085 327 2137 ·ecesque
338 2069 419 2120 meae!
439 2073 529 2135 tuque,
542 2084 557 2119 ο
569 2067 732 2119 sanctissima
744 2068 849 2135 conjux,

215 2142 278 2189 torte
290 2145 344 2202 tua,
356 2154 442 2205 neque
454 2136 482 2188 in
494 2136 565 2188 hunc
577 2141 680 2189 servata
692 2136 823 2189 dolorem!

214 2223 262 2274 ego
274 2205 386 2259 vivendo
398 2205 450 2259 sici
462 2206 595 2271 meelate,
608 2211 739 2274 superstes
897 2208 946 2258 160

214 2293 241 2326 m
253 2281 285 2328 ut
297 2276 406 2343 genitor.
442 2274 537 2327 Troum
550 2274 619 2326 socie
630 2292 703 2326 erma
715 2277 834 2327 secutum

214 2350 253 2396 ent
265 2344 359 2396 Rutuli
371 2344 447 2396 telis!
467 2344 583 2396 animam
595 2343 651 2411 ipse
663 2343 799 2409 dedissem,

214 2431 263 2466 mec
275 2430 371 2482 pompa
382 2413 489 2465 domum
501 2430 551 2478 me,
563 2429 615 2464 non
628 2413 759 2479 Pallanta,
771 2413 880 2464 referret
892 2414 898 2464 ἔ

214 2500 218 2534 ι
231 2483 371 2550 arguerim,
383 2482 483 2549 leucri,
496 2499 544 2534 nec
556 2482 661 2548 foedera,
674 2498 722 2534 nec
735 2498 801 2548 quas

214 2570 252 2604 ius
264 2551 377 2620 hospitio
390 2551 496 2603 dextras
507 2570 514 2614 ;
533 2568 585 2602 sors
598 2551 649 2603 ista
661 2558 771 2603 seneetae

215 2627 270 2674 erat
282 2627 383 2674 nostrie.
421 2620 495 2685 Quod
508 2619 530 2672 si
541 2619 684 2671 immatura
695 2619 819 2672 manebat

213 2697 291 2757 etum,
304 2691 377 2742 caesis
390 2690 543 2742 Volscorurn
555 2689 671 2741 millibus
683 2695 753 2754 ante,

212 2777 253 2811 em
265 2760 294 2812 in
306 2759 413 2812 Latium
426 2759 538 2811 Teucros
551 2758 677 2814 cecidisse
688 2757 805 2815 'neuun

213 2845 236 2891 ,νο
244 2845 297 2882 non
309 2827 362 2883 alio
375 2828 471 2900 digner
485 2837 511 2886 te
523 2829 633 2903 funere,
639 2775 736 2900 ralla,
