2700 3242
294 311 329 366 64
405 331 407 336 ·
521 306 550 360 P.
568 305 721 359 VIRGILII
740 305 902 360 MARONIS

290 406 326 459 ut
338 423 419 474 genus
430 424 589 488 mqieoreum
601 407 721 476 pecudes,
733 407 864 475 pictaeque
875 408 1000 471 volueres,

291 475 323 527 ln
334 477 416 528 furias
428 494 568 544 ignemque
579 482 661 528 ruunt
671 497 678 539 ;
697 493 769 528 amor
781 476 900 530 omnibus
911 478 989 530 idem,

289 545 414 614 Tempore
426 563 478 598 nou
490 545 542 598 alio
554 545 700 598 catulorum
711 544 792 597 oblita
803 546 887 599 leaena

290 614 387 667 Saevior
399 615 496 666 erravit
508 615 606 682 campis
618 633 625 677 ;
643 631 692 666 nee
704 614 797 666 funera
808 614 889 682 vulgo

289 683 354 735 Tam
365 682 451 736 multa
462 683 585 736 informes
599 683 652 734 ursi
664 689 830 751 stragemque
841 683 935 736 dedere

289 751 340 804 Per
352 752 446 805 silvas:
464 758 523 805 tum
535 769 618 804 saevus
629 769 700 820 aper,
712 757 771 803 tum
782 753 894 820 pessima
905 753 980 820 tigris
990 772 998 817 ;

288 819 368 873 Heu!
386 821 456 873 mele
468 826 527 874 tum
539 820 628 888 Libyae
640 820 701 872 solis
713 827 815 873 erratur
826 822 855 873 in
867 822 944 888 agris.

288 888 382 942 Nonne
395 891 474 957 vides,
485 895 517 942 ut
529 895 585 942 tote
597 897 694 941 tremor
704 895 838 957 pertentet
850 907 976 958 equorum
1080 896 1131 945 2ῦο

289 959 408 1027 Corpora,
421 959 443 1010 si
455 964 561 1011 tantum
572 964 648 1010 notas
660 958 724 1010 odor
735 958 827 1010 attulit
839 959 936 1012 aurasl

288 1027 327 1078 Ac
338 1044 424 1095 neque
436 1044 479 1079 eos
487 1029 544 1095 jam
556 1027 631 1079 frena
642 1026 737 1093 virum,
749 1044 834 1095 neque
846 1026 952 1080 verbera
965 1046 1042 1094 saeva,

287 1094 348 1148 Non
360 1095 460 1165 scopuli
470 1113 599 1164 rupesque
612 1113 691 1163 cavea,
703 1102 783 1162 atque
794 1096 895 1163 objecta
905 1099 1043 1151 retardant

287 1164 418 1232 Flumina,
431 1170 560 1233 correptos
572 1165 645 1216 unda
657 1166 808 1232 torquentia
818 1171 927 1219 montes.

287 1232 303 1284 Ι
323 1251 350 1285 ee
361 1235 416 1286 ruit
427 1234 570 1301 dentesque
582 1232 726 1286 Sabellicus
738 1235 845 1285 exacuit
857 1251 909 1301 sus,

310 1309 323 1355 t
334 1303 400 1371 pede
412 1301 558 1371 prosubigit
569 1308 674 1369 terram,
686 1301 765 1353 fricat
777 1301 868 1354 arbore
880 1309 970 1370 costas,

286 1371 375 1438 Atque
386 1372 448 1424 binc
460 1378 540 1439 atque
551 1371 626 1424 illinc
637 1371 810 1438 humerosque
821 1372 856 1423 ad
868 1372 978 1425 vulnera
989 1373 1076 1427 duret

287 1440 356 1504 Quid
364 1441 469 1509 juvenis
487 1458 615 1508 magnum
627 1441 670 1492 cui
682 1446 768 1492 versat
779 1440 808 1491 in
820 1440 919 1492 ossibus
930 1443 1018 1508 ignem

285 1508 374 1562 Durus
386 1482 477 1562 amori
496 1509 596 1577 Nempe
607 1509 727 1577 abruptis
740 1508 846 1561 turbata
857 1511 977 1578 procellis

285 1576 369 1630 Nocte
380 1585 456 1631 natat
468 1596 538 1631 caeca
549 1595 620 1630 serus
632 1578 717 1641 freta3
735 1595 813 1645 quem
825 1596 902 1647 super
913 1580 1006 1647 ingens
1076 1586 1127 1634 260

285 1645 365 1699 Porta
377 1653 452 1699 tonet
464 1647 529 1714 coeli,
542 1654 569 1699 et
581 1647 694 1715 scopulis
705 1647 775 1699 illisa
785 1648 931 1701 reclamant

224 1780 225 1784 Ἰ
284 1715 402 1784 AEquora
414 1735 420 1779 ;
438 1734 486 1769 nec
497 1716 586 1768 miseri
598 1722 707 1784 possunt
718 1733 839 1770 revocare
851 1724 978 1785 parentes,

284 1783 339 1836 Nec
350 1785 477 1837 moritura
489 1803 566 1853 super
578 1785 679 1837 crudeli
690 1785 783 1838 funere
794 1787 874 1853 virgo.

285 1853 354 1917 Quid
366 1853 455 1922 lynces
467 1855 565 1906 Bacchi
577 1855 663 1921 variae,
676 1860 704 1906 et
715 1872 798 1921 genus
810 1873 869 1907 acre
881 1855 1004 1923 luporum

283 1923 308 1974 A
338 1940 371 1974 ue
383 1923 498 1975 canum?
517 1923 587 1991 quid,
595 1941 653 1991 quee
660 1923 778 1976 imbelles
790 1925 855 1976 dant
864 1924 955 1992 proelia
964 1925 1054 1978 ceruit

352 1991 423 2044 ilicet
435 1998 497 2045 ante
509 2009 597 2045 omnes
608 1994 681 2045 furor
693 2000 733 2044 est
744 1993 855 2060 insignis
867 2010 992 2060 equarum
1006 2012 1013 2057 3

282 2059 318 2112 Et
329 2065 444 2113 mentem
457 2061 545 2113 Venus
557 2062 614 2130 ipsa
626 2062 707 2129 dedit,
719 2079 771 2129 quo
783 2067 898 2130 tempore
911 2063 1004 2114 Glauci

283 2127 422 2182 Potniades
434 2130 510 2182 malis
522 2131 638 2183 membra
649 2130 797 2183 absumsere
809 2131 950 2198 quadrigae.

283 2195 347 2251 llles
360 2199 433 2251 ducit
445 2216 517 2252 amor
528 2205 601 2251 trans
615 2200 737 2267 Gargara,
750 2206 875 2267 transque
887 2206 1022 2253 sonantem

280 2267 424 2320 Ascanium
434 2288 441 2332 ;
460 2274 584 2336 superant
595 2276 706 2334 montes,
718 2275 746 2321 et
757 2269 868 2322 flumina
879 2276 995 2322 tranant.
1072 2272 1125 2322 270

281 2335 468 2406 Continuoque,
481 2337 565 2390 avidis
576 2337 623 2390 ubi
635 2337 741 2390 subdita
752 2339 858 2390 flamma
869 2339 999 2405 medullis,

280 2404 348 2457 Vere
359 2407 449 2474 magis,
463 2408 526 2474 quia
537 2425 596 2459 vere
609 2407 680 2460 calor
690 2407 759 2459 redit
771 2409 878 2467 ossibus,
889 2407 943 2459 illee

280 2473 331 2526 Ore
343 2492 431 2526 omnes
444 2493 524 2528 versae
535 2476 564 2528 in
575 2477 727 2545 Zephyrum
740 2483 812 2527 etant
823 2476 934 2544 rupibus
946 2477 1017 2546 altis,

279 2541 480 2611 Exceptantque
492 2544 561 2597 leves
574 2563 667 2608 emas3
686 2550 713 2597 et
725 2561 792 2613 saepe
804 2545 860 2597 sine
871 2545 933 2597 ullis

279 2611 412 2680 conjugiis
424 2619 503 2665 vento
514 2614 638 2681 gravidae,
649 2613 769 2667 mirabile
781 2614 862 2678 dictu,

277 2679 348 2732 Saxa
360 2688 445 2749 peret
457 2682 575 2751 scopulos
587 2689 615 2735 et
626 2684 759 2752 depressas
772 2684 901 2735 convalles

266 2747 430 2818 Duffiginne,
443 2768 505 2820 non,
518 2751 597 2821 Eure,
611 2758 678 2821 tuos,
689 2769 775 2822 neque
786 2752 852 2805 Solis
864 2752 990 2818 adortus,

251 2810 288 2862 11²
298 2815 418 2875 Boreum
433 2821 616 2897 Ocurumque.
630 2831 683 2881 aut
694 2823 770 2878 unde
780 2822 943 2891 nigerrimus
956 2820 1049 2871 bustu

198 2920 205 2949 l
