2700 3242
274 318 327 370 ero
505 311 535 366 r.
554 309 713 364 vmcuu
726 275 894 363 'mnoms

274 414 430 469 Muneribus
442 432 449 479 ;
466 419 635 482 mestumque
647 411 765 465 Evandri
776 412 877 480 primus
889 410 924 463 ad
934 410 1028 463 urbem

274 484 402 538 Mittatur
414 484 509 549 Pallas,
522 501 600 552 quem
611 499 665 534 non
678 482 784 534 virtutis
796 487 918 548 egentem

274 553 394 606 Abstulit
407 561 465 606 atra
477 553 539 618 dies,
552 559 579 604 et
591 553 683 603 funere
695 550 786 602 mersit
798 546 916 603 acerbo.”

309 622 353 676 Sic
365 623 404 675 ait
416 623 583 688 illacrimans,
595 621 740 689 recipitque
752 619 786 671 ad
799 619 892 671 limina
904 635 1037 686 gressum:

275 690 374 761 Corpus
385 690 432 744 ubi
444 690 560 744 exanimi
572 691 688 758 positum
700 689 830 740 Pallantis
842 688 946 740 Acoetes

274 760 402 813 Servabat
414 761 506 826 senior,
520 760 566 828 qui
578 758 716 812 Parrhasio
729 758 852 809 Evandro

273 829 396 898 Armiger
407 836 469 882 ante
481 828 550 891 fuit3
569 828 613 880 sed
626 845 679 880 non
691 826 812 879 felicibus
824 842 899 894 aeque

273 897 342 951 Tum
354 915 438 950 comes
450 897 575 966 auspiciis
588 915 647 949 caro
659 897 737 948 datus
750 896 806 948 ibat
818 895 931 948 alumno.

274 967 378 1020 Circum
390 967 474 1020 omnis
486 967 668 1034 famulumque
681 983 775 1017 manus
787 965 950 1032 Trojaneque
962 962 1042 1018 turbs

273 1035 309 1089 Et
321 1044 443 1089 maestum
456 1036 553 1087 Iliades
566 1037 665 1087 crinem
676 1035 710 1086 de
721 1051 792 1085 more
803 1035 905 1086 solutae.

274 1105 312 1158 Ut
324 1123 384 1158 vero
397 1105 493 1156 AEneas
505 1105 604 1156 foribus
617 1122 671 1156 sese
683 1104 777 1155 intulit
789 1103 858 1168 altis,

273 1172 415 1242 Ingentem
427 1174 555 1243 gemitum
568 1173 653 1225 tunsis
666 1173 701 1225 ad
714 1173 798 1224 sidere
811 1172 909 1224 tollunt

273 1241 433 1310 Pectoribus,
445 1248 589 1310 maestoque
601 1242 726 1308 immugit
737 1242 810 1308 regie
822 1241 904 1294 luctu.

272 1311 336 1380 Ipse
348 1318 428 1381 ceput
440 1313 511 1365 nivei
523 1312 623 1364 fultum
635 1311 765 1362 Pallantis
777 1317 804 1362 et
817 1327 862 1363 ore

272 1381 311 1434 Ut
322 1382 398 1448 vidit,
411 1381 515 1450 levique
527 1387 620 1450 patens
632 1381 660 1431 in
672 1389 777 1448 pectore
789 1380 886 1431 vulnus

273 1449 394 1518 Cuspidis
406 1449 537 1517 Ausoniae‚
550 1449 664 1501 lacrimis
676 1449 716 1500 ita
727 1449 800 1500 fatur
813 1447 924 1500 obortis:

274 1511 291 1540 ‘⁶
299 1513 391 1581 Tene‚”
405 1518 499 1583 inquit,
513 1517 685 1569 “miserande
696 1534 769 1582 puer,
782 1533 866 1583 quum
878 1518 940 1570 laeta
954 1517 1064 1579 veniret,

272 1577 374 1631 Invidit
385 1581 493 1632 fortuna
503 1581 577 1646 mihi,
590 1599 623 1633 ne
635 1599 717 1649 regna
728 1583 829 1634 videres

270 1646 298 1699 N
298 1655 375 1713 ostra,
387 1667 471 1716 neque
483 1650 517 1701 ad
530 1651 602 1702 sedes
614 1651 699 1703 victor
711 1651 833 1703 veherere
845 1652 988 1720 paternas'l

269 1715 297 1768 N
297 1734 330 1768 on
343 1718 399 1769 haec
411 1718 533 1771 Evandro
545 1720 577 1771 de
590 1726 617 1771 te
629 1720 755 1787 promisse
767 1721 871 1788 parenti

269 1785 412 1838 Discedens
425 1788 563 1840 dederam:
582 1805 665 1856 quum
678 1806 719 1840 me
732 1790 884 1857 complexus
896 1796 1003 1842 euntem

269 1853 391 1907 Mitteret
403 1857 432 1907 iu
443 1874 570 1924 magnum
582 1858 730 1924 imperium,
742 1867 914 1927 metuensque
926 1868 1046 1915 moneret

269 1923 349 1976 Acres
361 1943 416 1977 esse
428 1927 503 1992 viros,
517 1944 577 1978 cum
590 1928 657 1978 dura
668 1928 761 1995 proelia
773 1935 858 1994 gente.

269 1992 305 2045 Et
317 2011 387 2046 nuno
399 1994 444 2046 ille
457 1997 563 2062 quidem
576 2014 620 2064 spe
632 1997 747 2047 multum
760 2006 853 2064 captus
866 1997 939 2049 inani

269 2061 333 2114 Fors
345 2070 372 2115 et
384 2072 445 2116 vota
457 2065 530 2130 fecit,
543 2066 714 2133 cumulatque
727 2067 821 2118 altaria
833 2067 908 2118 donis
920 2086 926 2129 ;

267 2130 322 2184 Nos
331 2134 457 2199 juvenem
470 2135 628 2199 exanimum,
642 2144 668 2186 et
681 2136 718 2185 nil
728 2139 785 2202 jem
798 2137 946 2188 coelestibus
959 2137 1023 2188 ullis

268 2199 422 2269 Debentem‚
436 2221 502 2255 vano
514 2205 599 2254 maesti
612 2205 768 2255 comitamur
781 2206 883 2258 honore.

269 2268 376 2334 Infelix,
389 2273 446 2324 nati
458 2273 538 2324 funus
551 2274 656 2324 crudele
669 2274 785 2328 videbis!

268 2338 306 2390 Hi
318 2342 400 2392 nostri
412 2342 519 2407 reditus,
532 2343 731 2410 exspectatique
743 2343 892 2412 triumphi?

267 2407 334 2461 Haec
346 2427 404 2462 mea
416 2428 512 2478 magna
525 2412 608 2463 fidesl
636 2413 672 2464 At
685 2430 745 2478 non,
759 2414 886 2479 Evandro,
900 2413 1032 2481 pudendis

268 2476 427 2530 Vulneribus
440 2481 545 2547 pulsum
558 2482 685 2548 aspicies:
703 2500 751 2533 nec
765 2484 860 2550 sospite
873 2483 960 2534 dirum

267 2547 376 2615 Optabis
389 2557 451 2600 nato
463 2550 543 2601 funus
556 2557 637 2617 pater.
675 2552 726 2602 Hei
738 2553 811 2613 mihi,
824 2564 955 2619 quantum

266 2614 423 2669 Praesidium
436 2619 559 2684 Ausonia,
571 2626 597 2670 et
610 2628 739 2687 quantum
754 2628 782 2672 tu
796 2623 889 2688 perdis,
903 2622 962 2674 Iule
972 2618 995 2675 !'’

297 2686 366 2740 Haec
380 2686 424 2739 ubi
438 2688 550 2753 deflevit,
564 2689 621 2740 tolli
633 2691 780 2741 miserabile
794 2708 887 2758 corpus

249 2756 383 2832 Imperat,
398 2767 428 2818 et
441 2767 498 2818 toto
511 2761 595 2816 lectos
608 2778 642 2814 es
652 2761 758 2829 agmine
765 2761 852 2811 mittit

236 2828 324 2890 Mille
340 2836 423 2909 viros,
438 2838 488 2912 qui
502 2853 665 2910 supremum
677 2831 836 2886 comitentur
842 2830 981 2891 bonorem„
