2700 3242
499 303 501 306 ⁴
529 289 734 344 GEORGIOON
751 291 819 347 ΙιΙΒ.
838 290 860 346 Ι.

261 391 392 446 Gontimo
404 390 434 443 in
446 390 520 444 silvis
531 408 630 459 magna
640 393 668 444 vi
679 392 749 445 flexa
760 393 883 446 domatur

261 462 292 514 ln
304 463 395 515 burim
408 466 435 513 et
448 461 523 513 curvi
534 461 646 513 formam
657 463 755 530 accipit
766 463 854 514 ulmus
866 465 947 516 aratri
957 484 965 530 ς

261 531 330 584 Huic
343 548 361 583 a
373 531 456 598 stirpe
467 530 547 598 pedes
560 535 629 582 temo
640 537 779 599 protentus
790 532 820 583 in
831 540 889 586 octo
899 552 907 597 ;

259 600 333 653 Binae
346 617 431 666 aures,
444 599 547 666 duplici
558 604 686 666 aptantur
698 600 815 653 dentalia
827 601 908 655 dorso.

260 669 377 722 Oaeditur
389 674 417 720 et
429 668 490 720 tilia
502 674 565 720 ante
572 670 638 736 jugo
650 669 723 735 levis,
735 670 843 736 altaque
855 671 939 740 fagus,

258 738 395 806 Stivaque,
409 753 468 806 quer
481 754 573 788 currus
585 754 601 789 a
613 744 687 805 tergo
699 744 822 806 torqueat
833 739 898 792 imos
908 760 916 805 ς

257 806 292 860 Et
305 825 434 876 suspensa
445 807 510 858 focis
523 807 642 886 explorat
653 807 746 859 robora
758 808 855 861 firmus.

291 876 404 929 Possum
416 875 503 929 multa
515 875 566 928 tib1
577 883 697 928 veterum
709 883 835 944 precept
859 878 955 945 eferrq

256 944 291 999 Ni
304 946 415 1012 refugis,
427 951 571 1012 tenuesque
583 945 656 1012 piget
668 962 822 1012 cognoscere
834 962 917 1000 curas.

255 1014 326 1067 Area
339 1014 505 1082 cumprimis
517 1014 620 1081 ingenti
632 1014 763 1081 aequanda
774 1015 893 1082 cylindro

255 1083 291 1137 Et
302 1083 434 1137 vertenda
444 1100 526 1135 manu
539 1090 566 1134 et
578 1089 649 1134 creta
661 1082 798 1134 solidanda
810 1084 905 1151 tenaci,

254 1151 281 1205 N
282 1171 296 1204 e
309 1152 423 1205 subeant
435 1151 530 1218 herbae,
541 1169 594 1203 neu
605 1152 715 1220 pulvere
727 1153 798 1204 victa
809 1153 934 1217 fatiscat;
1058 1159 1108 1208 180

255 1220 325 1273 Tum
336 1221 417 1274 verice
429 1220 545 1272 illudant
557 1226 659 1289 pestes:
677 1238 746 1289 saepe
758 1222 870 1288 exiguus
882 1239 942 1274 mus

255 1289 311 1343 Sub
323 1291 401 1342 terris
413 1291 551 1358 posuitque
565 1290 653 1342 domos
665 1295 746 1358 atque
757 1291 851 1342 horrea
862 1290 944 1354 fecit;

254 1359 313 1411 Aut
325 1359 409 1411 oculis
421 1358 492 1426 capti
504 1359 592 1410 fodere
604 1359 702 1411 cubilia
714 1359 812 1426 talpae3

255 1427 439 1495 Inventusque
450 1427 521 1480 cavis
533 1428 603 1495 bufo,
615 1434 643 1480 et
655 1445 715 1496 quae
728 1427 843 1496 plurima
854 1432 931 1480 terrae

254 1495 377 1549 Monstra
388 1498 496 1561 ferunt;
513 1498 674 1566 populatque
686 1498 822 1564 ingentem
833 1498 909 1549 farris
921 1515 1044 1552 acervum

256 1565 387 1633 Curculio,
399 1572 479 1634 atque
490 1565 564 1634 inopi
574 1572 695 1618 metuens
706 1567 816 1618 formica
827 1573 945 1622 senectre.

255 1635 452 1704 Contemplator
462 1635 536 1703 item,
547 1653 630 1704 quum
642 1652 669 1687 se
680 1653 737 1688 nux
749 1635 863 1705 plurima
874 1638 947 1690 silvis

255 1703 357 1756 Induet
368 1705 398 1756 in
409 1705 499 1756 florem
511 1711 538 1757 et
548 1722 634 1757 ramos
647 1705 769 1758 curvabit
779 1706 879 1758 olentes
889 1725 896 1766 ;

254 1772 284 1826 Si
296 1780 423 1842 superant
435 1774 512 1842 fetus,
525 1775 625 1843 pariter
636 1774 771 1826 frumenta
782 1781 931 1843 sequentur.

254 1841 407 1912 Magnaque
419 1852 588 1911 cummagno
600 1843 911 1907 veniettrituracalore3
1051 1847 1102 1897 190

254 1911 292 1964 At
305 1913 328 1964 si
339 1912 447 1964 luxuria
458 1913 581 1964 foliorum
593 1912 721 1965 exuberat
732 1913 833 1980 umbra,

253 1980 442 2050 Nequidquam
453 1981 566 2050 pingues
577 1982 654 2051 palea
664 1987 733 2034 teret
744 1999 806 2034 area
817 1982 922 2034 culmos.

254 2050 362 2104 Semina
373 2051 429 2103 vidi
441 2052 564 2119 equidem
575 2051 672 2103 multos
684 2051 814 2103 medicare
826 2057 947 2116 serentes,

253 2119 290 2173 Et
301 2120 372 2172 nitro
383 2119 457 2188 prius
470 2126 497 2173 et
509 2120 586 2188 nigra
596 2121 753 2188 pe1fundere
764 2137 878 2188 amurca,

254 2189 384 2242 Grandior
394 2195 427 2241 ut
438 2190 508 2241 fetus
521 2190 622 2258 siliquis
633 2190 771 2243 fallacibus
784 2196 857 2255 essct,

253 2258 290 2312 Et
302 2259 422 2340 quamvis
434 2259 492 2326 igni
504 2259 600 2326 exiguo
611 2265 750 2328 properata
761 2259 906 2311 maderent.

254 2328 318 2381 vid1
329 2327 399 2381 lecta
410 2327 458 2380 diu
470 2332 498 2381 et
508 2329 593 2381 multo
605 2333 724 2397 spectata
735 2328 823 2381 labore

251 2397 418 2466 Degenerare
429 2401 527 2465 tamen,
538 2398 568 2450 ni
579 2398 619 2451 vis
630 2397 748 2450 humana
759 2396 900 2465 quotannis

252 2466 374 2520 Maxima
385 2483 497 2536 quaque
507 2484 590 2520 manu
600 2466 699 2534 legeret
708 2485 716 2530 ;
733 2467 770 2518 sic
782 2465 870 2517 omnia
881 2463 943 2516 fatis

252 2537 375 2606 Inpejus
386 2553 470 2604 ruere,
483 2541 595 2590 acretro
607 2535 730 2604 sublapsa
741 2534 849 2598 referri;
1047 2538 1100 2589 200

250 2605 278 2659 N
278 2624 313 2659 on
325 2606 403 2660 aliter
415 2623 494 2674 quam
506 2605 553 2674 qui
565 2606 672 2658 adverso
685 2605 730 2657 vix
742 2605 850 2656 flumine
861 2603 978 2656 lembum

252 2675 381 2745 Remigiis
393 2675 499 2743 subigit,
512 2675 534 2728 si
546 2675 653 2727 brachia
664 2675 733 2726 forte
744 2674 852 2739 remisit,

251 2746 342 2813 Atque
353 2745 431 2798 illum
442 2745 470 2796 in
479 2761 599 2812 praeceps
606 2760 691 2812 prono
702 2743 775 2817 rapit
787 2743 881 2802 alveus
892 2741 976 2802 amul.

279 2815 410 2863 Pretersa
422 2811 674 2870 anamarteton·
687 2817 779 2878 sidera
792 2817 873 2881 nobis
