2700 3242
503 297 670 350 AENEIDOS
688 296 756 349 LIB.
775 296 852 350 VIII.

254 402 410 469 Addiderat,
423 402 561 470 subitoque
573 417 672 453 novum
684 416 838 468 consurgere
850 399 950 452 bellum

254 472 411 539 Romulidis,
423 472 550 539 latioque
563 471 626 536 seni,
639 470 803 538 Curibusque
816 469 918 522 severis.

253 541 318 594 Post
330 542 407 608 idem,
420 542 490 593 inter
502 558 529 592 se
540 540 625 608 posito
637 540 788 605 certamine,
800 556 874 605 reges

253 611 358 663 Armati
371 612 390 664 J
391 612 446 663 ovis
458 616 520 662 ante
532 627 605 661 aram
617 614 773 677 paterasque
785 613 905 660 tenentes

253 679 374 746 Stabant,
386 687 413 732 et
425 697 491 732 casa
498 678 649 747 jungebant
660 679 759 730 foedera
771 694 856 746 porca.

252 749 335 801 Haud
348 750 438 818 procul
451 749 512 800 inde
525 749 585 800 citae
598 747 702 799 Metum
713 747 742 798 iu
754 748 856 799 diversa
868 746 1003 815 quadriga

251 818 426 885 Distulerant,
437 824 468 870 at
480 825 511 870 tu
522 817 608 882 dictis,
621 817 730 883 Albane,
742 819 876 869 maneres!

252 887 438 955 Raptabatque
449 888 501 940 viri
513 886 646 938 mendacis
658 887 757 938 viscera
769 885 861 937 Tullus

251 955 304 1009 Per
316 957 417 1021 silvam,
429 963 456 1009 et
468 957 550 1024 sparsi
562 955 687 1007 rorabant
699 956 827 1022 sanguine
838 972 937 1024 vepres.

250 1025 308 1078 Nec
321 1044 374 1078 non
386 1027 558 1094 Tarquinium
570 1027 684 1091 ejectum
697 1025 811 1076 Porsena
819 1025 930 1092 jubebat

250 1096 385 1163 Accipere,
398 1095 552 1162 ingentique
564 1094 656 1145 urbem
667 1093 802 1146 obsidione
814 1095 948 1162 premebat
958 1114 966 1160 ;

250 1164 379 1218 AEneadae
391 1165 419 1216 in
431 1166 530 1217 ferrum
542 1181 589 1232 pro
601 1163 723 1215 libertate
734 1164 853 1216 ruebant,

250 1233 334 1286 Illum
346 1234 497 1303 indignanti
510 1233 630 1298 similem,
642 1233 806 1301 similemque
817 1233 931 1285 minanti

249 1304 404 1371 Aspiceres3
423 1309 530 1372 pontem
542 1302 652 1354 auderet
663 1303 734 1369 quod
747 1301 842 1354 vellere
855 1303 949 1370 Cocles,

249 1372 287 1425 Ilt
298 1373 411 1425 fluvium
422 1374 516 1425 vinclis
529 1373 633 1424 innaret
647 1371 738 1423 Cloelia
749 1371 841 1439 ruptis,

250 1441 284 1493 In
296 1460 398 1495 summo
410 1449 496 1495 custos
508 1442 625 1510 'I'arpeiae
638 1440 755 1493 Manlius
767 1441 833 1492 arcis

250 1510 344 1563 Stabat
356 1529 403 1580 pro
415 1512 521 1580 templo,
534 1518 561 1564 et
574 1511 703 1579 Capitolia
715 1511 784 1562 celsa
796 1511 911 1580 tenebat,

249 1579 441 1650 [Romuleoque
452 1599 542 1634 recens
554 1579 676 1632 horrebat
688 1581 761 1647 rogia
773 1578 880 1650 culmo]

249 1650 338 1719 Atque
350 1651 394 1703 hic
405 1651 504 1704 auratis
516 1650 630 1702 volitans
642 1657 783 1717 argenteus
795 1667 871 1702 anser

248 1718 405 1784 Porticibus,
418 1721 505 1773 Gallos
517 1721 546 1771 iu
558 1720 650 1771 limine
661 1720 759 1786 adesse,
771 1719 882 1772 canebat
892 1739 899 1785 ;

249 1789 319 1840 Galli
331 1807 378 1858 per
389 1790 481 1842 dumos
493 1791 611 1855 aderant,
623 1806 762 1857 arcemque
773 1789 906 1859 tenebant,

247 1857 357 1911 Defensi
369 1859 483 1912 tenebris
495 1866 522 1912 et
534 1860 602 1911 dono
615 1860 700 1911 noctis
712 1877 816 1927 opacae:

246 1927 337 1980 Amce
349 1930 465 1981 caesaries
477 1929 544 1995 ollis,
556 1935 637 1997 atque
649 1946 730 1981 aurea
741 1930 821 1981 vestis
832 1949 839 1993 3

247 1995 365 2064 Virgatis
377 1998 468 2051 lucent
481 1998 579 2066 sagulis
589 2018 596 2062 3
614 2005 673 2050 tum
685 1998 771 2051 lactea
783 1999 850 2052 colla

246 2065 320 2118 Auro
332 2067 505 2120 innectuntur
516 2087 522 2130 ;
540 2068 593 2120 duo
605 2068 716 2136 quisque
728 2068 826 2136 Alpina
838 2075 976 2122 coruscant

247 2135 322 2188 aaa
333 2153 422 2203 manu,
435 2138 515 2189 scutis
527 2138 639 2206 protecti
652 2155 759 2206 corpora
771 2138 863 2205 longis.

245 2204 300 2256 Hic
313 2205 477 2258 exsultantes
490 2206 580 2273 Salios,
593 2207 729 2275 nudosque
741 2207 879 2276 Lupercos,

245 2273 438 2344 lanigerosque
450 2277 544 2344 apices,
558 2282 585 2328 et
597 2275 671 2344 lapsa
683 2276 780 2328 ancilia
792 2277 857 2329 coelo

244 2343 413 2408 Extuderat;
431 2352 508 2397 castae
520 2345 652 2398 ducebant
665 2362 739 2398 sacra
750 2363 798 2414 per
809 2347 900 2400 urbem

243 2411 357 2466 Pilentis
369 2420 466 2466 matres
478 2415 507 2466 in
519 2414 647 2467 mollibus.
685 2415 756 2467 Hinc
769 2417 859 2484 procul
871 2417 946 2470 addit

244 2481 382 2536 ll'artareas
394 2484 475 2536 etiam
487 2485 568 2552 sedes,
580 2484 636 2537 alta
648 2485 715 2537 ostia
727 2485 804 2551 Ditis,

243 2549 280 2604 Et
292 2552 419 2604 scelomm
430 2570 528 2621 poenas,
541 2559 568 2606 et
579 2559 614 2619 te,
627 2554 749 2620 Catilina,
761 2557 859 2608 minaci

243 2618 407 2674 Pendentem
420 2623 533 2691 scopulo,
546 2623 740 2690 Furiarumque
753 2641 797 2676 ora
809 2630 974 2695 trementem,

242 2687 412 2760 Secretosque'
424 2693 479 2760 pios
490 2711 497 2754 ;
515 2692 556 2744 his
570 2692 679 2744 dantem
687 2695 750 2760 jura
762 2693 894 2747 Catonem.

242 2757 309 2812 Haec
321 2759 391 2812 inter
402 2761 498 2813 tumidi
509 2761 564 2813 late
575 2763 656 2816 maris
668 2762 726 2818 ibat
737 2763 828 2835 imago

235 2827 330 2894 Ama
341 2828 391 2880 ¹⁶¹1
397 2828 483 2882 fluctu
495 2833 664 2901 armabant
675 2837 781 2895 caerula
794 2856 889 2908 cano3

1050 298 1100 350 267

1047 612 1099 662 640

1045 1307 1096 1357 650

1041 2005 1093 2054 660

1038 2696 1089 2747 6ῗο
