2700 3242
516 292 684 346 AENEIDOS
702 291 768 343 LIB.
788 291 809 344 1.

242 412 312 468 Lata
324 430 393 475 suas,
407 411 453 465 ubi
465 410 595 480 templum
607 411 655 476 illi,
667 417 825 478 centumque
838 409 926 464 Sabae

240 484 328 536 'lhure
341 483 430 535 calent
442 500 500 545 ara,
514 483 641 549 sertisque
653 481 800 533 recentibus
815 481 915 532 halant.

275 553 431 618 Corripuere
444 553 514 604 viam
527 551 634 610 interea,
648 568 700 619 qua
712 557 806 602 semita
818 557 968 602 monstrat*

241 622 358 688 Jamque
370 621 547 674 ascendebant
559 620 658 680 collem,
673 622 717 688 qui
732 621 861 688 plurimus
874 618 932 670 urbi

243 692 375 756 Imminet,
388 691 561 758 adversasque
573 698 690 757 aspectat
703 690 814 756 desuper
826 707 904 741 arces.

244 761 362 813 Miratur
374 761 468 811 molem
481 759 584 822 AEneas,
598 761 712 827 magala
724 760 856 827 quendam
869 777 876 822 ;

243 830 359 882 Miratur
370 843 468 897 pertas,
481 830 670 897 strepitumque
683 839 709 880 et
722 837 804 880 strata
817 830 926 880 viarum.

245 900 349 952 lrutant
361 899 482 951 ardentes
496 899 583 967 Tyrii:
603 916 661 966 pars
674 899 771 950 ducere
784 915 878 961 muros,

244 969 390 1037 Molirique
402 985 496 1032 arcem,
508 980 535 1020 et
547 968 669 1020 manibus
682 968 833 1020 subvolvere
846 985 927 1030 saxa;

245 1038 308 1090 Pars
321 1046 412 1106 optare
424 1037 510 1090 locuni
524 1046 599 1107 tecte,
613 1046 639 1088 et
651 1037 806 1089 concludere
819 1037 907 1099 sulco;

244 1108 311 1160 Jura
323 1108 545 1176 magistratusque
558 1108 659 1173 legunt.
672 1115 843 1175 sanctumque
856 1118 993 1171 senatum;

246 1177 297 1228 llic
309 1186 402 1244 pertus
414 1177 460 1229 alii
473 1177 619 1239 ell'ediuut;
638 1177 680 1228 hic
692 1177 747 1229 alta
760 1177 870 1228 theatris

244 1245 431 1298 Fundamenta
445 1247 482 1298 loe
491 1260 530 1297 int
542 1247 595 1309 alii,
611 1247 788 1313 immanesque
800 1246 935 1297 columnas

244 1315 365 1384 Rupibus
378 1316 511 1377 excidunt,
525 1318 607 1366 scenis
620 1316 713 1367 deeora
725 1316 780 1366 alta
793 1316 906 1367 futuris:

244 1384 337 1450 Qualis
349 1401 411 1452 apes
423 1397 513 1437 testate
526 1403 593 1436 nova
607 1403 651 1452 per
663 1384 741 1436 florea
753 1402 813 1436 rua
1034 1387 1085 1434 430

244 1453 359 1507 Exercet
371 1453 419 1506 sub
432 1455 485 1507 sele
497 1453 577 1520 labor,
587 1472 667 1524 quuni
681 1455 767 1522 gentis
780 1455 885 1506 adultas

244 1522 372 1576 Edueuut
385 1524 461 1582 fetus,
475 1537 521 1576 urit
534 1541 613 1593 quuni
628 1523 756 1590 liquentia
769 1525 847 1575 mella

245 1592 360 1661 Stipant,
373 1600 401 1644 et
412 1592 482 1644 dulci
496 1594 649 1646 distendunt
663 1603 767 1645 nectare
779 1595 857 1646 cellas
870 1613 876 1654 ;

246 1661 302 1714 Aut
313 1678 393 1714 onera
404 1663 538 1730 accipiunt
550 1665 710 1727 venientum,
723 1673 770 1715 aiut
781 1665 886 1730 agmine
900 1665 969 1716 iacto

246 1730 379 1800 Ignavum
393 1731 464 1784 fucos
477 1750 554 1800 pecus
567 1751 583 1784 a
597 1734 751 1800 praesepibus
763 1744 868 1785 arcent:
900 1733 906 1742 ’

247 1801 343 1854 Fervet
354 1816 428 1869 opus,
440 1802 610 1870 redolentque
623 1803 715 1868 thymo
728 1803 871 1869 fragrantia
883 1803 969 1855 mella.

247 1870 291 1923 “0
303 1871 441 1936 fortunati,
454 1887 562 1938 querum
573 1874 629 1938 jam
641 1873 738 1923 moeuia
750 1883 861 1938 surgunt
872 1873 895 1925 !''

246 1939 344 1993 AEneas
355 1939 403 1998 ait,
415 1948 442 1991 et
454 1941 561 2005 fastigia
574 1944 684 2008 suspicit
696 1941 773 1994 urbis.

247 2008 331 2062 infert
345 2027 372 2062 sc
385 2020 474 2076 septus
486 2009 590 2073 nebula,
603 2010 721 2061 mirabile
734 2011 816 2072 dictu,
866 2009 868 2012 ’

247 2077 298 2132 Per
309 2077 418 2140 medios,
430 2079 572 2148 miscetque
587 2080 647 2130 viris
659 2099 665 2141 ;
685 2097 769 2147 neque
781 2081 897 2132 cernitur
909 2080 966 2133 ulli.
1036 2082 1086 2130 440

281 2147 369 2201 Lucus
382 2151 410 2198 in
423 2148 485 2200 urbe
498 2149 655 2213 submedia,
668 2148 816 2201 laetissimus
826 2150 932 2216 umbrae,

247 2216 306 2281 Quo
318 2217 434 2286 primum
441 2219 537 2285 jactati
549 2219 627 2269 undis
640 2227 666 2270 et
680 2219 784 2271 turbiue
796 2220 871 2271 Poeni

247 2286 368 2339 Effudere
380 2286 436 2338 loco
449 2288 561 2355 signnm,
575 2288 644 2357 qnod
656 2289 729 2356 regia
741 2289 814 2341 June

248 2355 419 2419 Monstrarat
432 2368 513 2423 caput
524 2359 590 2409 aeris
603 2358 680 2426 eqni;
699 2359 736 2408 sic
749 2376 810 2409 narn
823 2359 877 2410 fere
889 2358 958 2410 bello

247 2426 390 2493 Egregium
402 2432 428 2476 et
440 2427 544 2478 facilem
558 2428 630 2478 victu
643 2445 689 2495 per
701 2428 794 2480 saecula
807 2439 919 2495 gentem.

250 2497 301 2548 llic
314 2496 443 2563 templum
455 2496 555 2547 Juneni
570 2499 661 2564 ingens
675 2497 781 2548 Sidonia
795 2498 862 2549 Dide

249 2565 391 2626 (invidebat,
404 2566 479 2616 (lonis
492 2566 646 2633 opulentum
660 2576 687 2617 ct
699 2569 806 2617 nuniiue
819 2568 903 2628 divae3

250 2635 328 2686 AErea
340 2634 384 2685 eui
396 2634 521 2700 gmdibns
534 2636 676 2700 surgebant
691 2636 787 2697 limina,
803 2655 927 2704 nexuque

250 2705 311 2756 AEre
325 2703 427 2754 trabes:
446 2704 545 2754 tintus
558 2706 635 2756 cardo
649 2705 776 2756 stridebit
789 2706 890 2759 alienis.

250 2775 307 2825 llee
318 2774 434 2839 primurn
445 2773 473 2823 in
484 2787 544 2824 luce
555 2791 624 2827 nova
638 2794 680 2829 res
692 2776 787 2833 oblata
800 2781 931 2836 timerem

238 2829 346 2900 beurim
359 2839 531 2906 stepelinum
542 2843 648 2904 Alaeus
661 2868 774 2923 sperare
788 2854 918 2914 salutem
