2700 3242
277 302 326 355 108
516 297 544 351 P.
559 298 714 350 VIRGlLll
732 297 896 352 MARONIS

278 400 348 453 Nota
360 399 426 464 tihi;
443 407 469 453 et
482 408 570 453 nostro
583 401 689 453 doluisti
702 416 769 467 saepe
783 399 876 452 dolore.

278 469 359 522 Hunc
372 470 507 523 Phoenissa
519 476 592 523 tenet
604 471 681 536 Dido,
693 470 847 537 blandisque
859 474 977 520 moratur
1069 473 1079 520 t

278 539 408 602 Vocibus3
426 547 453 592 et
465 557 560 605 vereor,
573 558 624 608 quo
636 557 663 591 se
675 540 695 591 J
696 539 794 590 unonia
807 546 911 590 vertant

278 607 419 676 Hospitia3
438 610 510 661 haud
523 616 598 661 tanto
610 608 721 660 cessabit
733 608 838 659 cardine
850 625 944 661 rerum.

278 678 405 741 Quocirca
417 694 509 747 capere
521 685 583 730 ante
595 678 660 730 dolis
673 684 700 729 et
713 678 816 743 cingere
828 677 934 730 flamma

278 747 408 815 Reginam
419 748 539 814 meditor,
551 765 584 799 ne
597 765 647 815 quo
660 764 687 798 se
699 747 807 798 numine
819 755 920 809 mutet3

277 815 328 869 Sed
340 834 436 884 magno
448 817 538 868 AEneae
550 834 654 868 mecum
666 822 789 867 teneatur
801 833 894 867 amore.

278 884 337 949 Qua
348 887 433 938 facere
447 886 473 937 id
485 886 574 954 possis,
586 892 702 937 nostram
714 902 786 936 nunc
798 885 887 952 accipe
899 890 1031 937 mentem:

278 954 376 1022 Regius
389 956 475 1007 accitu
487 956 541 1006 cari
553 955 678 1022 genitoris
690 955 724 1006 ad
737 954 840 1005 urbem·

276 1021 411 1077 Sidoniam
423 1041 489 1093 puer
501 1025 538 1075 ire
551 1030 633 1092 parat,
646 1041 705 1075 mea
716 1023 833 1074 maxima
845 1040 914 1089 cura,

274 1095 353 1147 Dona
364 1095 456 1160 ferens,
469 1093 561 1162 pelago
574 1100 601 1146 et
612 1093 724 1145 dammis
736 1092 863 1144 restantia
875 1093 973 1160 lihojoe:

276 1162 357 1215 Hunc
369 1180 416 1230 ego
429 1168 544 1234 sopitum
556 1181 644 1215 somno
657 1165 800 1232 supersita
813 1163 927 1230 Cythera
1069 1165 1079 1214 l

215 1291 219 1298 ι
274 1230 331 1283 Aut
343 1249 421 1299 super
434 1234 549 1285 Idalium
562 1238 662 1284 sacrata
674 1233 734 1285 sede
746 1235 891 1296 recondam,
1075 1229 1078 1235 ’

274 1300 297 1352 N
300 1318 315 1354 e
327 1317 380 1368 qua
392 1303 457 1355 scire
469 1301 541 1353 dolos
553 1301 687 1353 mediusve
699 1318 831 1354 occurrere
844 1302 932 1369 possit.

278 1369 423 1420 infaciem
435 1369 506 1421 illius
519 1377 622 1423 noctem
634 1386 687 1421 non
699 1369 812 1436 amplius
825 1383 906 1421 unam

276 1435 349 1489 Falla
362 1437 427 1504 dolo,
440 1445 467 1491 et
479 1444 553 1491 notos
566 1439 640 1508 pueri
652 1455 718 1507 puer
730 1438 810 1490 indue
822 1438 927 1491 vultus:

276 1505 313 1558 Ut
326 1524 407 1574 quum
420 1514 445 1560 te
458 1508 556 1576 gremio
569 1508 680 1576 accipiet
692 1507 826 1560 laetissima
838 1507 907 1560 Dido

276 1573 386 1644 Regales
399 1577 468 1628 inter
479 1595 581 1630 mensas
593 1577 750 1644 laticemque
763 1577 878 1644 Lyaeum‚

277 1644 363 1709 Quum
376 1646 449 1698 dabit
462 1647 599 1714 amplexus
611 1652 691 1714 atque
703 1645 792 1698 oscula
804 1646 893 1698 dulcia
905 1646 976 1713 liget,

276 1713 416 1767 Occultum
428 1715 538 1836 inppires
550 1716 646 1784 ignem,
659 1716 787 1782 fallasque
800 1716 924 1768 veneno.”

276 1781 354 1836 Paret
367 1785 447 1836 Amor
477 1785 536 1837 ictis
549 1802 615 1837 carae
627 1785 774 1852 genetricis,
787 1792 813 1836 et
826 1785 880 1836 alas

275 1852 366 1920 Exuit,
379 1860 405 1906 et
417 1871 506 1922 gressu
518 1855 635 1922 gaudens
648 1854 747 1906 incedit
761 1853 819 1905 Iuli.
1065 1858 1079 1906 d

274 1923 311 1975 At
325 1923 413 1975 Venus
426 1924 537 1977 Ascanio
549 1925 680 1992 placidam
692 1941 739 1992 per
750 1924 866 1974 membra
878 1923 994 1990 quietem

275 1991 379 2060 Irrigat,
392 1998 418 2045 et
430 1993 516 2046 fotum
528 1994 626 2062 gremio
639 1993 688 2044 dea
700 1993 770 2044 tollit
783 1993 810 2042 in
823 1993 889 2043 altos

275 2061 365 2114 Idaliae
378 2063 457 2129 lucos,
469 2063 515 2115 ubi
527 2064 612 2116 mollis
625 2079 759 2114 amaracus
772 2061 847 2112 illum

273 2130 393 2184 Floribus
406 2139 433 2184 ct
445 2132 516 2184 dulci
528 2134 645 2201 aspirans
658 2131 840 2198 complectitur
852 2131 952 2183 umbra.

274 2200 389 2269 Jamque
401 2201 457 2255 ibat
469 2203 539 2254 dicto
552 2219 653 2270 parens,
666 2207 693 2252 et
706 2201 774 2251 dona
787 2200 886 2268 Cupido

274 2269 357 2338 Regia
369 2272 491 2340 portabat
503 2273 594 2340 'l'yriis¹
608 2272 673 2323 duce
686 2271 762 2322 laetus
775 2270 884 2322 Achate.

309 2339 397 2404 Quum
410 2342 490 2408 venit,
503 2341 593 2393 aulaeis
602 2342 659 2408 jam
671 2357 698 2391 se
710 2340 801 2406 regina
814 2339 931 2406 superbis

273 2410 362 2462 Aurea
373 2411 519 2479 composuit
531 2411 637 2480 sponda,
649 2410 815 2476 mediamque
828 2409 939 2461 locavit:

273 2477 337 2531 dam
349 2485 425 2547 pater
436 2481 539 2546 AEneas,
552 2487 579 2532 et
588 2482 645 2548 jam
657 2480 768 2545 Troiana
777 2481 905 2546 juventus

274 2548 446 2614 Conveniunt,
460 2557 592 2618 stratoque
605 2566 682 2617 super
694 2546 868 2599 discumbitur
880 2553 955 2600 ostro.
1063 2549 1078 2602 '1'

275 2616 346 2669 Dant
358 2618 452 2670 famuli
464 2619 585 2671 manibus
598 2617 726 2686 lymphas,
741 2618 909 2679 Cereremque
921 2615 1043 2670 canistris

272 2686 434 2754 ltxpediunt,
444 2689 576 2758 tonsisque
588 2688 678 2738 ferunt
690 2687 816 2738 mantelia
831 2686 904 2737 villis.

259 2753 467 2828 Owhquagiata
479 2759 555 2814 intus
567 2756 685 2827 famula,
698 2756 795 2826 quihus
805 2755 895 2807 ordine
905 2754 982 2820 longo

242 2820 316 2879 Cura
323 2845 435 2898 penum
450 2840 568 2905 struere,
581 2839 611 2891 et
623 2829 744 2888 flammis
754 2825 861 2882 adolere
870 2830 1002 2891 penates,
