2700 3242
271 246 323 334 iss
499 289 528 341 r.
543 286 697 343 waurin
715 285 877 342 unrocus

273 407 416 460 Ascanium
428 405 613 476 Anchisenque
624 410 727 474 patrem
738 405 902 477 Teucrosque
914 414 1026 477 penate·

274 481 430 534 Commendo
443 481 526 549 sociis,
538 488 566 534 et
577 498 658 534 curva
669 482 739 535 valle
750 481 863 534 recondo
873 499 880 544 ;

273 548 287 600 l
306 565 334 601 se
344 549 437 602 urbem
448 564 544 619 repeto,
557 556 584 602 et
596 551 687 618 cingor
697 550 862 618 fulgentibus
874 549 961 604 annia.

292 624 333 671 tat
344 636 420 671 casus
431 636 555 672 renovare
567 636 663 687 omnes,
675 636 830 687 omnemque
842 618 939 671 reverti
1067 620 1114 673 7&

273 686 324 739 Per
336 687 447 768 lbojam,
460 693 487 741 et
498 706 588 741 nrrsus
600 693 682 757 caput
694 687 824 756 objectare
836 687 948 756 periclis.

273 755 406 825 Princip1o
417 775 505 809 muros
517 757 676 826 obscuraque
689 757 782 809 limina
793 763 884 825 portae,

273 825 332 889 Qua
344 843 461 894 gressum
472 826 626 893 extuleram,
639 831 729 894 repeto
739 845 747 890 ;
765 832 792 878 et
804 825 916 894 vestigia
926 829 999 879 retro

272 893 416 948 Observata
428 911 521 962 sequor
532 912 579 964 per
590 902 695 947 noctem
707 901 734 947 et
746 895 847 947 lumine
858 894 949 948 lustro.

272 962 371 1016 Horror
381 963 480 1031 ubique
492 964 598 1031 animos,
611 964 691 1016 simul
702 965 760 1045 ipsa
773 963 878 1016 silentia
889 969 998 1018 terrent.
1102 976 1105 983 ’

271 1031 339 1085 Inde
351 1033 465 1100 domum,
476 1034 497 1084 si
509 1034 576 1085 forte
587 1034 689 1102 pedem,
702 1051 725 1085 s1
735 1035 803 1086 forte
815 1033 928 1100 tulisset,

270 1100 317 1154 Me
327 1101 417 1154 refero.
453 1101 588 1155 irruerant
599 1103 694 1169 Danai,
707 1108 734 1155 et
746 1108 847 1154 tectum
859 1119 935 1154 omne
947 1101 1084 1155 tenebmt.

272 1169 351 1224 Ilicet
362 1171 432 1239 ignis
444 1171 513 1224 edax
524 1189 626 1223 summa
638 1172 673 1224 ad
685 1172 793 1240 fastigia
805 1177 883 1225 vento

271 1239 395 1293 Volvitur
405 1259 412 1304 ;
430 1246 590 1310 exsuperans
601 1241 730 1305 flammae3
748 1240 815 1292 furit
827 1248 906 1293 aestus
918 1239 953 1292 ad
965 1257 1053 1295 auras.

270 1308 393 1377 Procedo,
405 1315 433 1363 et
444 1309 543 1363 Priami
556 1311 626 1362 sedes
639 1327 777 1378 arcemque
788 1309 880 1363 reviso.
1066 1311 1114 1364 76ss

270 1378 306 1431 Et
315 1380 372 1448 jam
383 1379 527 1448 porticibus
539 1381 628 1432 vacuis
640 1379 660 1432 J
660 1379 756 1431 unonis
767 1379 840 1446 asylo

271 1448 396 1500 Custodes
408 1447 470 1501 lecti
483 1449 595 1501 Phoenix
608 1457 634 1502 et
647 1449 719 1500 dirus
731 1449 823 1500 Ulixes

270 1516 392 1569 Praedam
404 1519 579 1571 asservabant.
615 1518 677 1570 Huc
689 1518 807 1586 undique
818 1517 897 1569 Troia
908 1533 975 1584 gara

270 1585 387 1639 lucensis
400 1591 489 1655 erepta
501 1587 595 1655 adytis,
607 1604 756 1655 mensaeque
768 1587 883 1654 deorum,

271 1655 439 1723 Grateresque
451 1672 515 1708 auro
527 1656 610 1723 solidi,
624 1656 781 1724 captivaque
793 1656 873 1708 vestis

271 1723 431 1792 congeritur.
468 1725 547 1778 Pueri
559 1731 586 1778 et
598 1726 701 1794 pavida
713 1726 791 1794 longo
803 1726 893 1777 ordine
904 1730 1003 1778 matres

269 1793 349 1847 Stant
361 1794 467 1847 circum.

269 1862 358 1916 Ausus
370 1863 435 1932 quin
447 1864 527 1916 etiam
539 1881 614 1917 voces
622 1865 725 1932 jactare
737 1881 783 1932 per
794 1863 923 1930 umbram,

270 1930 384 2001 Implevi
396 1932 508 1987 clamore
520 1933 584 2000 vias,
595 1941 754 2001 maestusque
767 1934 891 1986 Creusam

269 2001 455 2070 Nequidquam
464 2003 628 2070 ingeminans
637 2003 785 2070 iterumque
795 2003 943 2070 iterumque
952 2003 1052 2055 vocavi.
1063 2005 1114 2056 770

270 2071 410 2138 Quaerenti,
423 2077 449 2124 et
461 2072 539 2124 tectis
550 2072 623 2123 urbis
636 2073 692 2124 sine
704 2072 756 2125 fine
768 2072 875 2137 furenti,

270 2140 369 2193 Infelix
381 2141 550 2193 simulacrum
562 2147 643 2209 atque
655 2141 738 2210 ipsius
750 2141 844 2193 umbra
856 2141 961 2193 Grebsae

270 2209 334 2262 Visa
345 2209 411 2261 mihi
424 2215 486 2262 aute
498 2210 592 2277 oculos,
605 2216 632 2262 et
644 2217 708 2262 nota
719 2211 803 2278 major
814 2210 908 2278 imago.

270 2278 409 2348 Obstupui,
422 2284 604 2347 stetenmtque
617 2297 705 2341 comae,
718 2285 745 2331 et
757 2297 808 2331 vox
820 2278 941 2331 faucibus
952 2278 1039 2332 haesit.

269 2348 337 2402 Tum
350 2349 386 2400 sic
398 2349 480 2416 affari,
493 2354 520 2401 et
532 2366 607 2401 curas
619 2348 661 2400 his
673 2348 776 2401 demere
788 2347 883 2401 dictis:

273 2415 360 2479 ‘Quid
373 2420 479 2467 tantum
492 2415 583 2470 insano
592 2418 672 2484 juvat
683 2415 823 2482 indulgere
835 2414 925 2480 dolori,

270 2481 292 2534 Ο
305 2482 390 2534 drflcis
402 2482 519 2549 conjuxl
537 2497 590 2534 non
602 2483 658 2534 haec
671 2483 727 2534 sine
738 2483 846 2535 numine
859 2483 951 2535 divum

270 2551 420 2604 Eveniunt:
438 2568 486 2603 nec
499 2557 525 2603 te
540 2551 660 2602 comitem
675 2557 778 2618 portare
791 2551 915 2602 Creusam

269 2621 328 2687 Fas,
341 2626 388 2672 aut
401 2621 445 2672 ille
458 2621 521 2673 sinit
533 2623 620 2689 superi
632 2629 756 2687 regnator
768 2622 880 2688 Olympi.

265 2689 359 2758 Longa
371 2689 421 2741 tibi
433 2691 533 2757 exsilia,
546 2696 572 2742 et
585 2696 690 2741 vastum
702 2691 780 2741 maris
794 2708 882 2757 aequor
893 2689 1029 2744 arandum.
1060 2695 1109 2744 780

250 2757 293 2809 Lu
306 2767 405 2814 terram
418 2760 582 2834 Hesperiam
594 2759 692 2826 venies,
702 2759 753 2812 ubi
760 2759 861 2828 Liuius
871 2777 935 2811 arva

236 2825 323 2882 Inter
333 2833 428 2903 opima
444 2834 536 2891 virum
551 2834 608 2891 loni
620 2833 685 2888 fluit
698 2827 948 2901 agunine'lbqbr'rsz
