2700 3242
545 303 752 358 cumcun.

297 416 352 472 Et·
344 416 425 470 inscio
436 420 543 486 repente
555 415 699 469 clcmctsun
711 432 795 485 super,

331 487 472 554 Thalassio,
485 485 625 538 Thalassio.

297 557 367 621 Quid
379 555 505 625 palluisti,
517 554 633 608 feminei
651 571 686 606 nn
693 556 748 624 joci
739 553 868 611 dolenti

331 634 374 678 An
386 626 457 678 fectu
469 625 600 692 cognoscis
612 623 677 676 tuci

296 695 357 748 Non
367 713 410 748 me
422 694 525 746 vocabis
536 693 647 763 pulchra
658 711 706 762 per
717 692 835 760 Cotyttio

330 765 373 816 Ad
384 764 490 817 feriatos
502 764 627 816 fascinos.
1028 768 1063 820 20.

296 833 351 886 Nec
364 834 425 885 dein
436 850 539 885 movere
549 832 651 884 lumbos
663 831 693 883 in
704 831 864 884 crocotulcm

330 903 434 955 Prensis
446 901 538 955 videbo
550 901 691 964 altaribus3

296 971 408 1026 Flavum
420 989 500 1040 prope
512 969 640 1038 Thybrim
651 977 679 1022 et
690 969 790 1022 olentes
801 968 938 1024 nauticum

331 1041 437 1108 Vocare,
448 1041 495 1092 ubi
507 1040 623 1108 appulsoe
635 1044 705 1092 rates

295 1111 394 1164 Stant
386 1129 415 1163 in
427 1111 501 1163 vadis
513 1127 586 1163 coeno
597 1115 707 1161 retentes
719 1108 829 1176 sordido,

330 1181 472 1248 Macraque
484 1180 615 1231 luctantes
626 1195 703 1246 nque

294 1250 387 1317 Neque
399 1250 428 1301 in
440 1248 563 1315 culinam,
575 1252 603 1300 et
614 1255 696 1300 uncto
707 1246 866 1317 compitalia,

329 1319 468 1387 Dapesque
480 1317 559 1369 duces
571 1317 702 1369 sordidus:

296 1389 397 1454 Quibus
408 1387 524 1455 repictus
536 1392 567 1438 ut
579 1386 696 1438 salivosis
707 1385 790 1454 cquis,

330 1458 441 1511 Obesam
452 1457 487 1508 ad
498 1473 607 1508 uxorem
618 1455 695 1519 redis,

295 1526 331 1581 Et
343 1531 483 1579 aestuentes
496 1525 570 1577 docte
583 1523 660 1576 solvis
672 1523 798 1593 pantices,

329 1597 364 1649 Os
376 1612 460 1664 usque
471 1593 564 1646 lumbis
576 1593 661 1646 saviis.

294 1665 372 1719 Nunc
384 1664 457 1730 laede,
469 1680 541 1716 nnnc
553 1663 656 1729 lacesse,
669 1661 691 1715 si
704 1662 847 1731 quidquem
857 1660 945 1716 vales!

329 1735 365 1787 Et
376 1750 471 1786 nomen
483 1731 582 1785 ascribo
594 1739 679 1786 tuum.

290 1802 398 1858 Oinaede
411 1802 483 1870 Luci,
496 1819 531 1854 sn
543 1807 570 1854 te
581 1801 745 1870 reliquerunt
756 1801 834 1871 opesi

328 1873 459 1940 Fameque
470 1871 579 1940 genuini
571 1869 716 1951 crepanti

294 1941 394 1994 Videho
406 1939 547 1992 habentem
557 1940 672 2009 praeter
664 1956 772 2007 ignavos
783 1939 851 1992 nihil

328 2011 433 2062 Fratres
445 2009 581 2060 etinctum
593 2009 613 2061 J
613 2025 696 2075 ovem

293 2079 458 2146 Scissumque
470 2082 596 2144 ventrem,
608 2083 635 2129 et
646 2049 761 2129 herniosi
771 2075 861 2145 petrini

328 2147 410 2200 Pedes
421 2146 510 2199 inedie
522 2146 647 2214 turgidos.
1027 2148 1061 2198 40

480 2329 526 2382 VI.
543 2328 593 2380 AD
611 2327 793 2382 VENEREM.

253 2469 281 2524 si
292 2470 359 2523 mihi
371 2476 520 2540 susceptum
531 2470 613 2524 fuerit
624 2470 759 2524 decurrere
770 2486 874 2539 munus,

288 2540 310 2593 Ο
322 2540 361 2593 Pc
379 2489 462 2608 hon,p
451 2557 467 2592 o
479 2541 551 2593 sedes
563 2557 621 2609 quse
633 2541 696 2593 colis
708 2539 813 2608 Idalios,

252 2609 346 2662 Troius
358 2559 453 2662 hincce
466 2610 583 2662 Romana
594 2627 641 2679 per
651 2609 748 2678 oppida
759 2580 839 2678 digho

286 2679 306 2731 J
307 2697 350 2731 cm
362 2680 469 2732 tandem
480 2685 512 2732 ut
523 2685 611 2732 tecum
623 2679 739 2732 carmine
750 2687 842 2733 vectus
853 2681 911 2732 ent.

252 2746 312 2802 Non
324 2765 372 2817 ego
383 2748 461 2801 thure
472 2749 555 2817 modo,
567 2753 615 2801 aut
626 2749 699 2819 picta
709 2754 760 2802 tue.
768 2745 991 2817 homniuffln

286 2816 395 2888 Omnho,
407 2824 435 2872 ot
444 2819 522 2892 pun's
534 2819 866 2877 semimonachum
