2700 3242
566 296 776 351 ersmers„
1038 295 1091 349 407

252 400 359 467 Circuit,
372 400 450 467 inque
463 399 569 467 globum
581 399 709 452 distantia
721 400 852 453 contrahit
864 419 955 471 unum,

252 471 358 523 Constet
371 477 401 521 ut
413 469 497 521 effecti
511 470 607 538 species
619 486 766 536 nomenque
778 471 877 524 moreti.

286 541 363 592 Eruit
375 540 475 591 interce
488 539 583 606 Cybele
596 555 699 607 quoque
712 539 802 591 sedule
814 558 921 609 punem,

252 609 336 674 Quem
348 610 423 661 laetus
435 609 528 676 recipit
540 607 667 675 menibus,
681 610 806 677 pulsoque
818 611 912 663 timore

251 679 271 731 J
272 696 315 730 am
326 679 404 730 famis
416 679 495 746 inque
508 679 578 730 diem
591 695 696 730 securus
708 679 824 731 Simulus
837 680 913 733 illam
1039 683 1088 735 120

252 748 343 800 Ambit
355 765 431 799 crura
443 748 523 799 ocreis
534 747 648 815 peribus,
661 752 799 816 tectusque
810 749 898 816 galero

251 816 307 870 Sub
316 818 383 884 juge
394 824 515 885 parentes
528 817 597 884 cogit
609 817 694 868 lerata
702 819 836 885 juvencos,

251 886 339 955 Atque
351 886 408 954 agit
419 885 448 938 in
461 893 567 954 segetes,
580 891 608 938 ct
619 892 696 938 terrae
708 887 798 940 condit
809 893 934 943 menum.

599 1121 746 1138 W

420 1289 454 1344 P.
469 1289 678 1347 VIRGILII
702 1290 914 1347 MARONIS

314 1460 1027 1555 CATALECTA.

543 1801 564 1855 I.
582 1802 630 1855 AD
649 1799 800 1854 TUCCAM.

251 1919 351 1986 Duum,
363 1920 457 1988 Tucca,
469 1922 518 1974 tibi
531 1923 618 1986 venit;
636 1922 681 1975 sed
694 1940 761 1990 saepe
774 1921 862 1974 ridere

285 1990 311 2040 N
311 2007 345 2041 on
357 1989 431 2042 licet:
450 1991 578 2043 occulitur
589 1993 680 2043 limine
693 1992 781 2042 clausa
793 1991 850 2043 viri

251 2057 328 2109 Delie
339 2076 407 2128 saepe
419 2059 476 2126 tibi,
488 2077 541 2112 non
553 2061 626 2112 venit
638 2060 725 2112 adhuc
736 2060 816 2112 mihi:
834 2075 948 2126 namque

286 2127 314 2178 Si
326 2128 461 2194 occulitur,
473 2129 550 2196 longe
562 2136 609 2196 est,
621 2135 730 2196 tangere
743 2129 811 2196 quod
824 2145 946 2196 nequeas.

252 2194 360 2248 Venerit
372 2203 419 2248 aut
432 2198 496 2260 tibi;
515 2198 560 2249 sed
569 2200 626 2266 jem
635 2201 692 2266 jem
704 2197 771 2250 mihi
783 2198 897 2250 nuncius
908 2197 960 2250 isto

287 2265 357 2330 Qum
368 2266 490 2335 prodestl
508 2267 549 2319 illi
561 2267 649 2335 dicito,
662 2284 721 2336 quae
733 2267 819 2320 rediit

311 2415 619 2470 11.1N0.ANN1UM
637 2417 807 2471 CIMBRUM
826 2411 1033 2470 RHETOREM.

286 2537 480 2591 Corinthiorum
491 2545 592 2592 ametor
604 2540 653 2592 iste
665 2539 810 2608 verborum,

286 2606 340 2658 Iste
352 2608 401 2659 iste
412 2608 513 2662 rhetor!
550 2610 670 2678 Namque
683 2614 814 2678 quatenus
826 2615 898 2664 totus

286 2675 453 2743 Thucydides
465 2683 593 2746 tyrannus
605 2680 702 2731 Atticae
714 2678 800 2746 febris,

286 2744 343 2797 Teu
356 2745 486 2798 Gallicum
499 2749 581 2819 spinae
593 2749 707 2821 ipsemet
715 2749 896 2814 mnleilhs'xt„

280 2813 336 2867 [sta
348 2816 446 2887 omnia,
458 2817 513 2877 iste
525 2821 611 2879 verbs.
619 2822 739 2879 miscuit
747 2819 846 2875 ustis
