2700 3242
279 281 330 334 176
507 284 537 338 Ρ.
555 285 711 340 VIRGILII
729 285 891 341 MARONIS

274 382 305 436 Si
317 383 393 436 modo
405 385 456 438 rite
468 402 566 438 memor
578 393 681 440 servata
693 387 815 439 remetior
826 387 923 440 astra.”
994 439 997 442 Α

276 453 344 503 'lum
355 454 416 522 pius
431 454 525 508 AEneas
537 475 543 508 :
562 457 717 524 “Equidem
728 457 765 509 sic
778 474 882 525 poscere
894 468 985 509 ventos

277 521 297 574 J
298 521 450 588 amdudum,
463 528 489 574 et
501 524 599 574 frustra
611 539 688 573 cerno
700 527 727 574 te
739 523 845 574 tendere
858 530 955 576 contra.

276 589 366 643 Flecte
378 591 450 644 viam
461 591 533 643 velis.
568 591 611 642 An
624 590 658 642 sit
670 591 737 642 mihi
749 592 848 658 gratior
860 592 923 659 ulla,

277 659 367 722 Quove
378 660 462 726 magis
474 661 554 711 fessas
566 666 653 727 optem
666 660 804 711 demittere
816 679 903 727 naves,

277 729 362 790 Quam
376 745 434 795 quae
447 729 610 780 Dardanium
623 728 702 779 tellus
714 729 780 780 mihi
792 737 879 782 servat
891 730 1011 798 Acesten,
1086 735 1122 784 ³0

276 796 312 849 Et
324 798 406 865 patris
419 797 541 849 Anchisae
554 797 652 864 gremio
665 798 849 865 complectitur
860 816 919 850 ossa
929 798 955 852 l’'

276 865 342 918 Haec
354 866 401 918 ubi
413 867 492 928 diota,
505 871 601 934 petunt
613 872 712 934 portus,
724 873 751 918 et
764 867 822 918 vela
834 869 943 920 secundi

276 934 425 988 Intendunt
437 935 544 1003 zephyri
555 954 561 999 ;
580 936 665 986 fertur
678 936 731 987 cita
743 937 849 1003 gurgite
862 936 958 1004 classis,

274 1003 311 1057 Et
324 1005 430 1057 tandem
443 1004 498 1056 laeti
511 1009 580 1056 notae
593 1005 769 1056 advertuntur
781 1022 873 1058 arenae.

310 1074 347 1125 At
359 1073 450 1141 procul
462 1073 564 1125 excelso
575 1074 687 1125 miratus
700 1074 798 1124 vertice
810 1075 907 1126 montis

275 1142 430 1195 Adventum
443 1142 576 1210 sociasque
588 1148 657 1194 rates
670 1143 784 1194 occurrit
796 1143 910 1211 Acestes,

277 1211 407 1264 Horridus
419 1212 447 1262 in
457 1211 554 1279 jaculis
566 1217 593 1263 et
605 1211 673 1280 pello
687 1210 829 1278 Libystidis
841 1229 924 1276 ursae;

275 1280 352 1349 Troja
365 1281 472 1332 Crimiso
485 1287 640 1349 conceptum
651 1281 760 1332 flumine
772 1287 857 1332 mater
998 1333 1000 1335 .

276 1350 359 1414 Quem
371 1351 471 1416 genuit.
508 1350 632 1402 Veterum
644 1367 698 1401 non
710 1351 845 1401 immemor
856 1350 901 1402 ille
913 1358 1054 1418 parentum

276 1420 402 1471 Gratatur
413 1420 528 1485 reduces,
541 1425 567 1471 et
579 1437 644 1486 gaza
656 1419 733 1470 laetus
745 1419 842 1485 agresti
1083 1425 1119 1473 40

275 1487 391 1556 Excipit,
403 1506 434 1540 ac
446 1489 526 1540 fessos
539 1488 631 1556 opibus
644 1488 742 1539 solatur
754 1488 851 1540 amicis.

275 1555 383 1608 Postera
395 1574 477 1625 quum
489 1557 572 1625 primo
585 1557 673 1608 stellas
687 1556 785 1608 oriente
796 1558 904 1623 fugarat

277 1625 352 1677 Clara
364 1625 425 1690 dies,
439 1625 519 1677 socios
532 1625 560 1676 in
573 1632 670 1677 coetum
682 1625 759 1676 litore
771 1625 804 1676 ab
816 1625 888 1677 omni

275 1694 394 1746 Advocat
406 1694 510 1761 AEneas,
523 1694 671 1763 tumulique
685 1711 718 1746 ex
730 1711 825 1761 aggere
836 1694 926 1747 fatur:

306 1759 487 1811 “Dardanidae
502 1761 599 1826 magni,
613 1776 697 1826 genus
709 1760 763 1810 alto
775 1777 791 1810 a
803 1760 930 1826 sauguine
942 1759 1041 1825 divum,

273 1831 386 1879 Annuus
399 1826 498 1878 exactis
511 1827 656 1893 completur
667 1825 800 1878 mensibus
812 1826 888 1894 orbis,

274 1897 315 1948 Ex
328 1912 380 1962 quo
392 1896 514 1962 reliquias
527 1895 662 1963 divinique
674 1912 732 1947 ossa
744 1896 859 1962 parentis

274 1965 444 2017 Condidimus
458 1970 534 2028 terra,
546 1973 703 2032 maestasque
716 1965 875 2016 sacravimus
887 1981 952 2017 aras.

274 2035 388 2102 Jamque
401 2035 462 2100 dies,
475 2035 503 2084 ni
511 2034 529 2068 *
541 2034 624 2095 fallor,
638 2035 719 2095 adest,
733 2050 811 2100 quem
824 2050 924 2100 semper
936 2031 1066 2092 acerbum,

274 2103 381 2171 Semper
393 2103 549 2155 honoratum
563 2103 610 2170 (sic
623 2102 650 2153 di
663 2101 801 2166 voluistis),
814 2101 921 2153 habebo.
1081 2105 1118 2156 to

275 2172 356 2224 Ilunc
368 2190 423 2240 ego,
437 2172 546 2224 Gaetulis
558 2188 662 2238 agerem
675 2171 697 2222 si
710 2171 830 2237 Syrtibus
842 2171 925 2236 exsul,

273 2241 429 2309 Argolicove
440 2241 506 2293 mari
520 2240 669 2308 deprensus,
682 2246 709 2292 et
721 2239 784 2290 urbe
797 2239 923 2306 lllycenae,

273 2311 371 2362 Annua
384 2316 445 2362 vota
456 2316 545 2362 tamen
558 2310 735 2376 solemnesque
748 2308 837 2360 ordine
850 2325 957 2376 pompas

274 2379 442 2447 Exsequerer,
456 2387 633 2446 strueremque
646 2379 700 2430 suis
712 2378 807 2429 altaria
819 2378 901 2430 donis.

273 2448 299 2500 N
300 2466 352 2500 unc
365 2449 434 2500 ultro
446 2449 480 2500 ad
493 2449 592 2500 cineres
604 2449 687 2515 ipsius
700 2455 726 2499 et
738 2465 795 2499 ossa
807 2447 931 2514 parentis,

274 2517 356 2569 Haud
369 2518 488 2584 equidem
501 2518 556 2568 sine
569 2523 657 2568 mente
669 2534 733 2581 reor,
747 2517 802 2567 sine
815 2517 923 2567 numine
936 2515 1035 2583 divum,

274 2585 415 2651 Adsumus‚
428 2592 454 2637 et
467 2592 557 2654 portus
570 2586 651 2637 delati
664 2586 793 2636 intramus
806 2586 908 2636 amicos.

273 2655 343 2722 Ergo
355 2655 433 2721 agite,
446 2663 472 2706 et
484 2656 576 2706 laetum
589 2655 678 2706 cuncti
691 2655 851 2706 celebremus
864 2654 1005 2718 honoren13

257 2722 409 2775 Poseamus
424 2730 533 2788 rentos;
551 2729 632 2796 atque
645 2724 702 2776 hacc
715 2741 756 2775 me
769 2740 841 2774 sacra
854 2725 995 2790 quotannis

246 2786 322 2844 Urbs
336 2792 406 2849 velit
412 2797 508 2867 posita
522 2797 634 2873 templis
648 2797 700 2854 sibi
712 2795 783 2852 ferre
795 2793 899 2849 dicatis.
1084 2796 1120 2846 60

671 2893 683 2921 ·
695 2887 744 2934 nra
