2700 3242
272 299 306 357 74
504 299 533 353 P.
547 298 702 353 vlaolun
721 299 885 353 MARONIS

272 401 442 452 Transversas
455 401 546 453 salices
559 406 586 452 et
598 401 710 468 grandia
722 402 821 468 conjice
833 419 903 467 saxa,

273 469 401 521 Pontibus
413 475 445 521 ut
457 469 552 521 crebris
563 470 665 537 possint
678 471 826 537 consistere,
838 478 865 524 ot
877 472 932 523 alas

273 538 391 591 Pandere
404 539 438 591 ad
450 539 572 590 aestivum
585 539 664 590 solem
675 559 682 603 ;
701 540 723 590 si
735 540 803 591 forte
814 548 946 592 morantes

273 607 409 676 Sparserit‚
422 614 470 660 aut
482 624 597 676 praeceps
609 608 734 676 Neptuno
746 609 902 662 immerserit
913 611 1009 664 Eurus.

273 677 338 728 Haec
351 677 450 728 circum
462 677 540 728 casiae
552 677 655 743 virides,
668 682 696 729 et
708 677 807 729 olentia
818 678 872 730 late
1086 682 1121 732 30

272 738 399 814 Serpylla,
412 752 439 798 et
451 747 567 813 graviter
579 763 590 797 s
610 747 702 798 irantis
715 747 790 814 copia
802 746 932 814 thymbrae

272 815 385 882 Floreat,
398 816 578 883 inriguumque
590 764 684 867 bibant
696 815 805 867 violaria
816 816 925 869 fontem

273 884 335 953 Ipsa
347 889 444 950 autem,
458 901 503 936 seu
516 883 653 936 corticibus
666 884 715 935 tibi
728 890 789 936 suta
800 885 907 952 cavatis,

272 953 325 1006 Seu
336 954 408 1006 lento
419 953 520 1005 fuerint
532 953 646 1005 alvearia
658 953 757 1005 vimine
769 959 852 1021 texta,

272 1023 407 1090 Angustos
419 1022 534 1074 habeant
546 1022 651 1074 aditus:
669 1039 732 1074 narn
743 1023 840 1089 frigore
851 1023 931 1075 mella

272 1092 349 1159 Cogit
361 1091 453 1158 hiems,
466 1092 608 1159 eademque
621 1091 692 1142 calor
704 1091 849 1158 liquefacta
859 1092 980 1146 remittit.

273 1161 391 1228 Utraque
403 1161 443 1214 vis
455 1160 548 1228 apibus
560 1160 659 1228 pariter
671 1160 832 1224 metuenda;
848 1178 934 1228 neque
945 1162 998 1214 illae

272 1230 456 1299 Nequidquam
468 1231 497 1281 in
509 1230 585 1281 tectis
599 1229 721 1281 certatim
732 1230 823 1281 tenuia
834 1247 895 1282 cera

272 1298 438 1368 Spiramenta
449 1298 546 1365 linunt,
559 1299 672 1365 fucoque
684 1304 711 1350 et
722 1298 829 1350 fioribus
841 1316 899 1351 oras

271 1368 396 1437 Explent,
409 1368 598 1436 collectumque
610 1367 667 1419 haec
680 1367 737 1434 ipsa
748 1367 782 1420 ad
793 1385 904 1420 munera
915 1368 1009 1435 gluten

272 1437 307 1489 Et
319 1438 388 1490 risco
401 1444 428 1490 et
441 1437 562 1505 Phrygiae
576 1441 681 1489 serrant
693 1437 752 1505 pice
763 1437 861 1489 lentius
874 1438 938 1489 Idae.

272 1507 346 1575 Saepe
359 1507 439 1559 etiam
451 1507 555 1572 effossis,
568 1506 590 1557 si
602 1523 664 1558 vera
675 1510 716 1557 est
727 1507 805 1573 lama,
818 1506 925 1558 latebris

272 1575 326 1627 Sub
338 1581 408 1628 terra
419 1577 507 1628 fovere
519 1575 607 1642 larem,
619 1574 778 1643 penitusque
789 1581 899 1643 repertas

271 1643 475 1712 Pumicibusque
488 1644 558 1696 caris
570 1660 707 1711 exesaequo
718 1643 816 1696 arboris
828 1649 911 1697 antro.

271 1713 312 1765 Tu
324 1721 413 1767 tamen
426 1731 440 1764 e
452 1713 504 1766 leri
516 1713 611 1765 rimosa
624 1713 723 1766 cubilia
734 1713 798 1764 limo

271 1782 368 1851 Ungue
379 1784 470 1834 fovens
482 1782 588 1849 circum,
602 1788 628 1834 et
640 1799 712 1834 raras
725 1799 803 1851 super
814 1783 894 1850 injice
905 1783 1017 1836 frondes.

271 1852 331 1905 Neu
342 1852 449 1921 propius
461 1852 539 1904 tectis
550 1857 645 1904 taxum
658 1851 731 1915 sine;
750 1869 816 1904 neve
827 1852 951 1905 rubentes

273 1921 325 1973 Ure
337 1922 394 1974 foco
407 1938 530 1985 cancros;
548 1922 610 1973 altae
623 1938 675 1973 neu
688 1921 763 1973 crede
774 1921 875 1989 paludi,

271 1993 328 2043 Aut
339 1991 385 2042 ubi
398 1991 460 2043 odor
472 1991 539 2042 coeni
552 1991 646 2057 gravis,
659 1995 707 2042 aut
718 1990 765 2041 ubi
777 2007 891 2043 concava
903 1991 982 2059 pulsu

271 2060 342 2113 Saxa
354 2066 455 2127 sonant,
467 2061 589 2127 vocisque
601 2060 699 2111 offensa
710 2060 821 2112 resultat
833 2059 926 2127 imago.
1086 2064 1122 2112 50

307 2130 382 2193 Quod
395 2134 520 2197 superest,
532 2129 579 2180 ubi
591 2128 695 2197 pulsam
707 2128 821 2180 hiemem
833 2127 877 2180 Sol
889 2146 985 2182 aureus
997 2130 1054 2196 egit

271 2199 326 2252 Sub
338 2205 428 2265 terras,
441 2198 588 2265 coelumque
600 2199 693 2250 aestiva
704 2197 763 2250 luce
774 2197 889 2265 reclusit,

272 2269 330 2320 Illae
343 2269 467 2320 continuo
480 2266 562 2319 saltus
575 2267 706 2334 silvasque
718 2274 866 2335 peragrant,

273 2337 471 2406 Purpureosque
482 2341 588 2388 metunt
599 2336 682 2403 fiores,
695 2342 722 2388 et
733 2336 843 2388 flumina
854 2336 941 2388 libant

272 2407 380 2460 Summa
392 2407 468 2459 leves.
504 2406 576 2457 Hinc
588 2406 673 2457 nescio
687 2422 739 2473 qua
751 2405 890 2457 dulcedine
902 2405 970 2457 laetre

272 2475 426 2542 Progeniem
438 2475 566 2543 nidosque
577 2475 668 2526 fovent
679 2494 686 2539 ;
704 2475 766 2526 hinc
778 2481 835 2526 arte
846 2480 963 2526 recentes

271 2545 416 2596 Excudunt
429 2561 506 2611 ceras,
519 2549 545 2596 et
557 2544 636 2596 mella
648 2543 752 2595 tenacia
764 2543 876 2610 fingunt.

272 2614 344 2666 Hinc
356 2614 402 2665 ubi
410 2616 467 2679 jam
479 2615 602 2665 emissum
614 2614 700 2665 caveis
712 2613 746 2665 ad
759 2613 844 2665 sidera
856 2612 915 2664 coeli

271 2682 342 2735 Nare
351 2699 400 2750 per
412 2689 530 2734 aestatem
542 2682 669 2751 liquidam
683 2682 828 2749 suspexeris
840 2699 942 2750 agmen,

258 2749 547 2819 Obscuramquotralri
559 2757 639 2808 vento
652 2751 782 2807 mirabere
792 2751 901 2818 nubem,
1084 2758 1120 2806 60

240 2812 403 2888 Uovwmpla
408 2827 468 2877 tor:
486 2841 577 2897 aquas
591 2825 689 2882 dulces
701 2831 729 2882 et
741 2823 858 2880 frondea
868 2836 970 2888 semper
