2700 3242
694 267 798 319 180
1154 261 1213 316 P.
1240 261 1551 316 VIRGILII
1588 260 1913 315 MARONIS

689 365 791 418 Ille
815 364 957 416 inter
979 380 1274 432 navemque
1300 363 1426 430 Gyae
1451 363 1791 432 scopulosque
1816 368 2061 416 sonantes

688 434 852 487 Radit
876 435 978 485 iter
1002 434 1199 485 laevum
1221 433 1453 498 interior,
1479 433 1755 500 subitoque
1778 433 2004 501 priorem
2284 434 2331 486 Γ.

686 503 946 569 Praeterit,
972 509 1028 554 et
1051 503 1207 554 metis
1233 508 1382 554 tenet
1405 519 1614 570 aequora
1637 508 1758 554 tuta
1781 501 1993 554 relictis.

687 571 826 624 Tum
849 589 970 624 vero
996 572 1194 624 exarsit
1211 572 1401 638 juveni
1424 571 1572 623 dolor
1595 571 1795 623 ossibus
1816 571 2004 638 ingens
2025 589 2039 634 ;

687 641 801 694 Nec
826 641 1057 694 lacrimis
1082 657 1294 692 caruere
1318 657 1468 706 genae
1489 659 1504 703 3
1541 657 1859 708 segnemque
1882 641 2167 708 Menoeten,

689 711 902 763 Oblitus
927 710 1233 776 decorisque
1259 710 1342 760 sui
1368 710 1671 778 sociumque
1696 709 1897 775 salutis,

691 779 757 832 In
782 797 927 832 mare
951 779 1273 848 praecipitem
1297 779 1468 847 puppi
1494 779 1743 830 deturbat
1769 778 1836 830 ab
1859 779 2003 831 alta:

690 848 812 918 Ipse
837 848 1154 916 gubernaclo
1177 853 1349 899 rector
1374 847 1531 914 subit,
1558 849 1669 916 ipse
1692 849 1958 915 magister,

691 918 1057 985 Hortaturque
1080 917 1232 982 virm,
1259 917 1572 983 clavumque
1596 918 1664 968 ad
1690 917 1847 969 litora
1871 923 2098 985 torquet.

691 986 767 1040 At
791 987 980 1055 gravis,
1004 992 1068 1038 ut
1089 985 1256 1038 fundo
1280 986 1374 1038 vix
1399 987 1615 1037 tandem
1638 987 1877 1038 redditus
1902 987 2007 1038 imo
2031 994 2111 1038 est

690 1057 733 1110 J
733 1074 819 1108 am
844 1057 1028 1121 senior,
1051 1055 1369 1123 madidaque
1393 1054 1561 1107 fluens
1586 1055 1643 1106 in
1667 1061 1827 1122 veste,
1852 1056 2126 1124 Menoetes,

693 1125 913 1178 Summa
936 1124 1074 1193 petit
1098 1124 1313 1192 scopuli,
1340 1124 1579 1192 siccaque
1602 1125 1662 1175 in
1684 1141 1817 1193 rupe
1841 1125 2049 1178 resedit.
2288 1131 2331 1179 11

694 1195 858 1248 Illum
883 1200 936 1246 et
960 1193 1223 1245 labentem
1247 1193 1435 1246 Teucri
1460 1199 1514 1245 et
1537 1193 1695 1246 risere
1719 1200 1996 1246 natantem
2016 1212 2031 1258 ;

695 1263 793 1386 §Gt
818 1263 977 1316 salsos
1000 1262 1177 1314 rident
1200 1269 1555 1317 revomentem
1579 1269 1789 1331 pectore
1812 1263 2047 1333 fluctus]

753 1333 801 1386 ic
825 1333 951 1384 laeta
974 1332 1223 1384 extremis
1248 1349 1365 1401 spes
1389 1338 1469 1383 est
1492 1349 1711 1385 accensa
1734 1332 1954 1401 duobus,

695 1401 936 1470 Sergesto
960 1401 1345 1470 Mnestheique,
1374 1402 1526 1468 Gyan
1550 1419 1795 1469 superare
1818 1407 2126 1456 morantem.

697 1471 968 1539 Sergestus
993 1471 1136 1539 capit
1159 1477 1285 1522 ante
1308 1471 1496 1537 locum,
1522 1472 1835 1539 scopuloque
1859 1473 2179 1541 propinquat
2199 1491 2215 1537 ;

695 1540 807 1593 Nec
832 1545 945 1592 tota
968 1545 1148 1591 tamen
1171 1540 1262 1591 ille
1285 1540 1429 1608 prior
1451 1547 1721 1608 praeeunte
1745 1541 1925 1593 carina
1948 1561 1962 1604 ;

697 1609 857 1662 Parte
881 1609 1057 1677 pri0r;
1093 1615 1299 1677 partem
1324 1616 1490 1661 rostro
1515 1610 1707 1677 premit
1733 1611 1927 1663 aemula
1951 1611 2155 1665 Pristis.

696 1679 772 1732 At
795 1679 971 1730 media
996 1677 1156 1729 socios
1181 1677 1427 1730 incedens
1453 1696 1586 1731 nave
1610 1696 1704 1747 per
1726 1680 1866 1748 ipsos

700 1747 963 1800 Hortatur
986 1747 1294 1799 Mnestheus
1315 1765 1326 1800 :
1363 1750 1392 1776 “
1407 1749 1457 1800 N
1460 1766 1577 1812 unc,
1602 1767 1745 1801 nunc
1768 1749 2025 1817 insurgite
2047 1746 2219 1814 remis,

699 1817 947 1869 Hectorei
976 1816 1117 1882 socii,
1141 1816 1306 1884 Trojae
1331 1832 1461 1883 quos
1486 1821 1622 1866 sorte
1648 1833 1891 1884 suprema
2290 1823 2331 1871 1!

700 1885 889 1953 Delegi
913 1885 1127 1937 comites
1148 1904 1161 1947 ;
1197 1902 1339 1936 nunc
1364 1885 1483 1936 illas
1508 1885 1730 1951 promite
1753 1886 1903 1952 vireS,

701 1955 859 2008 Nunc
884 1955 1099 2020 animOS‚
1126 1953 1314 2022 quibus
1337 1954 1396 2005 in
1422 1953 1639 2006 Gaetulis
1663 1953 1905 2021 Syrtibus
1929 1954 2028 2023 usi,

703 2024 956 2091 Ionioque
979 2023 1126 2089 mari,
1152 2024 1448 2089 Maleaeque
1473 2023 1780 2090 sequacibus
1804 2024 1975 2077 undis.

704 2093 824 2146 Non
841 2096 956 2162 jam
981 2093 1150 2161 prima
1173 2099 1294 2161 peto
1320 2093 1643 2157 Mnestheus,
1669 2110 1838 2161 neque
1861 2094 2069 2146 vincere
2094 2100 2272 2159 cert0;

707 2164 1038 2231 Quamquam
1057 2164 1113 2215 o!
1152 2163 1242 2215 sed
1261 2168 1522 2229 superent,
1542 2161 1733 2229 quibus
1750 2163 1863 2229 hoc,
1884 2163 2147 2233 Neptune,
2166 2165 2331 2219 dodim

705 2232 981 2285 Extremos
1007 2231 1204 2300 pudeat
1227 2232 1471 2283 rediisse:
1510 2232 1607 2283 hoc
1632 2233 1841 2298 vincite,
1866 2233 2020 2300 cives,

704 2298 779 2352 Et
801 2298 1072 2368 prohibete
1095 2299 1291 2350 nefaS.”
1366 2299 1472 2351 Olli
1496 2301 1782 2352 certamine
1806 2317 2010 2353 summo

704 2363 1096 2418 Procumbunt:
1133 2366 1294 2419 vastis
1319 2367 1500 2419 tremit
1524 2367 1717 2421 ictibus
1742 2387 1874 2423 aerea
1897 2370 2105 2440 puppis,

705 2433 1150 2502 Subtrahiturque
1176 2435 1344 2487 solum
1366 2455 1379 2499 3
1416 2442 1532 2489 tum
1557 2438 1733 2490 creber
1756 2439 2023 2492 anhelitus
2046 2447 2196 2494 artus

704 2502 972 2570 Aridaque
996 2520 1086 2555 ora
1111 2505 1286 2572 quatit
1307 2524 1319 2566 ;
1356 2506 1514 2558 sudor
1536 2507 1657 2559 fluit
1679 2509 1915 2576 undique
1937 2510 2079 2564 riviS.
2288 2514 2331 2564 2¹

706 2571 909 2623 Attulit
933 2573 1044 2640 ipse
1068 2573 1193 2625 viris
1219 2580 1463 2642 optatum
1486 2593 1635 2628 casus
1659 2577 1921 2632 honorem.

696 2640 949 2707 Namque
972 2642 1152 2694 furens
1176 2644 1356 2709 animi,
1383 2644 1509 2696 dum
1534 2664 1740 2714 proram
1764 2648 1832 2699 ad
1858 2666 1985 2702 saxa
2010 2649 2267 2718 suburget

665 2706 924 2780 latez-1221)
952 2713 1241 2786 spatioque
1267 2713 1415 2771 subit
1440 2713 1713 2789 Sergestus
1732 2717 1916 2788 iniquo
1940 2737 1953 2771 ·.

632 2771 863 2833 Jntblix
884 2785 1043 2841 saxis
1067 2787 1127 2844 in
1149 2791 1622 2863 procurrentibus
1638 2791 1820 2847 haes'it.
