2700 3242
383 278 548 334 AENEIDOS
566 281 632 335 ΜΒ.
651 282 688 336 II.
896 281 945 334 125

219 380 229 434 i
241 380 336 446 Danai,
348 386 377 433 et
388 381 442 434 late
452 381 513 435 loca
523 383 608 436 milite
620 385 759 452 complent.

219 469 230 517 ·,
243 450 384 519 aggeribus
395 451 482 520 ruptis
494 469 576 519 quum
588 470 711 521 spumeus
723 454 808 506 amnia

219 520 394 600 appositasque
405 520 485 573 evicit
495 523 601 590 gurgite
612 523 701 589 molee,

221 606 251 641 m
262 606 326 641 arva
337 589 427 642 furens
438 591 551 658 cumulo,
563 608 720 660 camposque
731 608 778 660 per
789 609 877 646 omnes

219 657 304 710 abulir
315 663 435 710 armenta
447 659 537 713 trahit.
572 659 635 712 Vidi
647 661 703 740 ipae
714 661 846 714 furentem

219 727 410 796 leoptolemum,
422 728 590 796 geminosque
602 729 631 780 in
642 728 734 782 hmine
747 730 869 785 Atridae:
901 736 953 785 000

219 795 328 848 eeubam
341 803 500 864 centumque
511 815 601 866 nurus,
614 798 801 868 Priamumque
812 818 859 869 per
871 818 929 854 arae

219 882 249 917 no
260 865 411 933 foedantem,
424 883 489 934 quoe
500 867 556 935 ipsc
568 874 722 934 sacraverat,
734 869 815 936 ignea.

219 934 316 1002 aginta
327 935 368 986 illi
379 935 498 1001 thalmi,
511 953 568 1004 epea
580 943 657 988 tanta
668 945 802 1006 nepotum,

219 1021 254 1056 oo
266 1008 352 1072 postes
364 1021 428 1072 auro
440 1004 579 1073 spoliisque
588 1023 621 1069 ¹su
654 1005 703 1073 rbi,

219 1090 294 1125 uere:
312 1078 404 1126 tenent
415 1073 508 1141 Danai,
521 1091 575 1144 qua
586 1023 675 1126 deppst
687 1075 763 1143 ignia.

219 1142 294 1221 titan
305 1146 333 1192 et
345 1138 445 1191 Priami
457 1140 557 1192 fuerint
569 1156 627 1208 qua
639 1140 704 1219 fata,
715 1139 839 1208 requiraa

220 1207 764 1356 ¹ttlec·llllrlrll!m‚eae⁸lllrl11ehlllllrlllssillqpllrh‹ltlihllibus
775 1276 883 1343 hostem,

220 1347 253 1398 h‘u
265 1346 351 1398 senior
362 1346 470 1397 desueta
481 1345 654 1398 trementibus
668 1361 723 1398 arvo

219 1416 267 1468 dat
278 1414 457 1482 nequidquam
469 1414 591 1480 humeris,
605 1420 632 1466 et
643 1415 740 1466 inutile
752 1415 849 1467 ferrum
902 1421 952 1469 010

220 1503 242 1550 r,
255 1501 286 1537 ac
298 1485 390 1538 densos
400 1484 486 1536 fertur
497 1484 639 1535 moriturus
650 1483 679 1535 in
692 1484 785 1538 hoetcs.

220 1570 226 1606 t
238 1555 267 1605 in
278 1553 378 1619 mediis,
389 1553 513 1621 nudoque
524 1552 573 1604 rub
585 1553 689 1605 aetheris
701 1571 759 1622 axe,

222 1641 269 1676 ara
281 1623 341 1690 fuit,
349 1625 481 1691 juxtaque
493 1623 632 1675 retenima
644 1622 741 1691 laurus,

220 1691 805 1829 ttttttltffitttllttltttl*

220 1831 266 1884 iter
277 1836 336 1884 atra
346 1847 395 1883 eeu
406 1836 562 1898 tempestate
574 1831 706 1896 columba,
772 1781 824 1830 um*

220 1917 255 1953 ea
267 1906 294 1953 et
306 1900 397 1952 divum
408 1900 537 1967 amplexae
549 1899 688 1952 simulacra
700 1900 830 1954 sedebant.

220 1976 307 2022 autem
319 1969 411 2022 sumtis
423 1967 558 2021 Priamum
567 1969 735 2037 juvenalibus
747 1972 826 2022 armis

220 2039 280 2104 t‚-‘
290 2037 354 2100 Quae
365 2054 439 2090 mena
451 2043 507 2090 tam
519 2038 582 2104 dira,
595 2040 739 2094 miserrime
752 2043 856 2109 conjux,

220 2122 227 2159 t
239 2106 281 2158 hia
292 2106 363 2174 cingi
375 2107 454 2159 teliel
472 2113 520 2159 aut
532 2124 584 2174 quo
595 2109 650 2160 ruis
659 2110 679 2162 l'
697 2112 792 2180 inquit.
903 2113 954 2162 520

221 2176 248 2228 ui
261 2176 367 2240 auxilio,
379 2193 427 2228 nec
440 2176 618 2229 defensoribus
629 2177 687 2231 iatia

221 2247 316 2310 reget3
332 2259 393 2308 non,
405 2241 427 2294 ei
438 2241 494 2362 ipae
504 2258 578 2294 meus
589 2258 660 2293 nunc
672 2241 764 2293 afforet
777 2241 881 2294 Hector.

221 2311 295 2364 ndem
306 2312 433 2375 concede;
470 2328 507 2363 aee
518 2328 564 2362 ara
575 2310 693 2362 tuebitur
705 2327 801 2375 omnes,

220 2379 287 2430 riere
300 2377 393 2430 simul?
429 2376 471 2430 Sic
484 2393 527 2429 ore
538 2378 618 2429 effata
637 2378 736 2447 recepit

221 2475 230 2512 =,
242 2453 270 2499 et
282 2464 355 2499 sacra
367 2446 515 2514 longaevum
527 2446 555 2497 in
568 2447 628 2499 sede
639 2447 743 2502 locavit.

221 2534 239 2569 ee
251 2523 339 2569 autem
352 2516 455 2583 elapsus
468 2515 563 2583 Pyrrhi
575 2515 608 2566 de
619 2517 690 2569 erede
702 2518 808 2588 Polites,

221 2593 321 2640 ntorum
335 2584 439 2649 Priami,
451 2599 497 2650 per
509 2583 569 2646 tela,
582 2598 628 2649 per
641 2584 727 2633 hostes

221 2673 260 2709 rua
272 2655 356 2722 longia
368 2653 446 2720 fugit,
460 2657 487 2704 et
498 2666 581 2701 vacua
593 2650 662 2701 atria
673 2650 770 2703 lustrat

221 2745 231 2780 ι.
267 2724 345 2776 Illum
358 2723 451 2775 ardens
462 2720 559 2773 infesto
571 2719 680 2773 vulnere
692 2719 813 2792 Pyrrhua

221 2801 264 2849 rur,
272 2799 454 2867 flentemque
468 2821 553 2861 manu
565 2806 644 2862 tenet
656 2811 687 2864 et
698 2810 802 2879 premit
809 2809 905 2863 nata
923 2809 980 2859 100
