2700 3242
268 286 301 337 58
498 281 526 334 P.
546 281 700 335 vleonnl
719 282 880 336 Maeonis
971 274 973 276 V

268 382 445 450 Gangaridum
458 383 562 451 faciam,
574 384 732 452 victorisque
743 402 817 438 arma
829 386 949 450 Quirini3

267 452 356 520 Atque
367 452 411 503 hic
422 452 568 504 undantem
579 452 647 505 bello
659 470 837 522 magnumque
848 455 975 506 fluentem

268 520 366 587 Nilum,
379 538 409 573 ac
422 521 511 573 navali
523 529 658 588 surgentes
670 538 721 573 aere
734 522 875 576 columnas.

267 589 371 641 Addam
383 588 460 641 urbes
472 590 541 642 Asiae
553 590 665 642 domitas
678 591 836 659 pulsumque
848 592 991 659 Niphaten,

269 657 457 726 Fidentemque
468 659 534 726 fuga
546 658 676 710 Parthum
688 659 820 727 versisque
832 662 943 727 sagittis,

268 726 303 779 Et
315 727 367 779 duo
378 733 456 795 rapta
466 744 548 779 manu
561 728 661 780 diverso
674 745 708 780 ex
720 727 794 780 hoste
806 735 912 797 tropaea,

268 795 364 863 Bisque
377 796 553 864 triumphatae
564 802 676 864 utroque
688 795 722 849 ab
734 796 811 849 litore
823 804 921 864 gentes.

267 864 382 917 Stabunt
394 871 422 917 et
433 864 505 917 Parii
516 865 624 933 lapides,
638 866 766 933 spirantia
778 866 861 934 signa,

205 965 207 970 ·
268 933 387 986 Assaraci
416 933 491 1002 roles,
503 934 673 1002 demissaeque
684 934 718 986 ab
730 934 798 988 Jove
810 935 897 1002 gentis

267 1002 387 1070 Nomina,
399 951 513 1071 l'rosque
525 1020 625 1071 parens,
638 1009 666 1055 et
678 1004 761 1071 Trojae
774 1004 903 1072 Cynthius
915 1011 1013 1057 auctor.

268 1071 373 1124 Invidia
384 1072 479 1124 infelix
491 1071 584 1124 Furias
596 1089 753 1140 amnemque
766 1090 885 1126 severum

267 1140 358 1209 Cocyti
369 1146 477 1209 metuet,
490 1146 623 1208 tortosque
636 1141 736 1194 Ixionis
749 1159 856 1209 angues,

267 1208 463 1278 immanemque
475 1215 568 1277 rotam,
580 1215 607 1263 et
618 1227 672 1262 non
684 1210 866 1280 exsuperabile
878 1228 979 1265 saxum.

268 1279 521 1347 InterealDryadum
533 1279 611 1332 silvas
623 1279 758 1348 saltusque
771 1297 910 1348 sequamur

268 1347 392 1415 Intactos,
404 1355 459 1414 tua,
472 1349 610 1417 Maecenas,
622 1349 695 1401 hand
706 1350 797 1402 mollia
804 1351 896 1416 jussa:

266 1417 303 1468 lle
315 1418 371 1469 sine
382 1418 421 1469 nil
433 1417 519 1470 altum
530 1436 604 1470 mens
615 1419 729 1470 inchoat.
765 1418 807 1470 En
819 1435 875 1485 age,
888 1435 980 1485 segnes

268 1485 370 1555 Rumpe
382 1503 483 1551 moras3
502 1492 578 1540 vocat
590 1487 694 1554 ingenti
705 1487 818 1540 clamore
830 1487 969 1553 Cithaeron,

267 1554 429 1624 Taygetique
441 1573 525 1623 canes,
538 1555 716 1623 domitrixque
728 1557 878 1624 Epidaurus
890 1573 1016 1624 equorum
1027 1574 1034 1618 ;

267 1623 303 1676 Et
315 1641 366 1676 vox
377 1641 484 1677 assensu
496 1642 632 1678 nemorum
644 1625 808 1692 ingeminata
819 1625 942 1692 remugit.

267 1691 332 1745 Mox
344 1699 433 1746 tamen
445 1694 566 1746 ardentes
579 1694 703 1761 accingar
714 1695 800 1747 dicere
812 1711 915 1762 pugnas

268 1762 382 1830 Caesaris,
394 1768 421 1815 ct
433 1780 528 1815 nomen
540 1764 612 1816 fama
624 1769 664 1815 tot
675 1764 743 1815 ferre
758 1781 804 1832 per
816 1780 906 1829 annos,

267 1831 375 1884 Tithoni
387 1832 472 1900 prima
484 1838 548 1900 quot
560 1831 634 1884 abest
645 1832 679 1884 ab
692 1833 792 1900 origine
805 1833 896 1885 Caesar.

301 1900 354 1953 Seu
366 1901 433 1969 quis,
446 1901 606 1970 Olympiacae
618 1901 730 1954 miratus
743 1901 851 1971 praemia
862 1900 965 1970 palmae,

268 1969 356 2023 Pascit
368 1987 454 2039 equos,
467 1988 513 2023 eeu
525 1971 583 2039 quie
595 1971 675 2023 fortes
688 1971 723 2023 ad
734 1978 822 2024 aratra
830 1972 957 2037 juvencos
968 1988 975 2033 ;

268 2039 380 2108 Corpora
391 2040 522 2108 praecipue
533 2046 650 2092 matrum
662 2039 741 2107 legat.
777 2039 884 2106 Optima
896 2045 977 2090 torvae

269 2107 362 2162 Forma
373 2108 454 2175 boris,
466 2108 510 2160 cui
522 2113 600 2176 turpe
612 2115 700 2176 capnt,
713 2110 757 2161 cui
769 2109 883 2177 plurima
895 2108 992 2174 cervix,

268 2176 303 2230 Et
315 2195 421 2229 crurum
433 2183 510 2229 tenus
522 2195 538 2229 a
550 2183 639 2230 mento
651 2177 767 2245 palearia
779 2176 895 2245 pendent
907 2194 914 2239 ;

268 2246 335 2298 'lum
347 2246 425 2314 longo
437 2246 526 2299 nullus
538 2246 616 2298 lateri
627 2247 720 2298 modus
730 2265 738 2310 ;
756 2246 844 2298 omnia
855 2262 969 2311 magna3

268 2315 317 2368 Pes
330 2317 417 2383 etiam,
430 2322 457 2369 et
469 2316 582 2368 camuris
594 2315 672 2367 hirtae
685 2316 733 2367 sub
746 2314 867 2367 cornibus
879 2331 962 2366 aures.

268 2384 323 2438 Nee
335 2386 400 2437 mihi
413 2385 552 2453 displiceat
564 2383 674 2437 maculis
686 2385 797 2452 insignis
809 2390 836 2436 et
848 2383 914 2449 albo,

268 2454 324 2506 hut
332 2456 399 2521 juga
412 2455 567 2521 detrectans,
580 2454 765 2521 interdumque
777 2470 869 2520 aspera
881 2468 969 2518 cornu,

269 2523 304 2574 Et
315 2523 410 2574 faciem
422 2529 497 2575 tauro
509 2524 631 2592 propi0r;
649 2539 760 2590 quaeque
772 2522 856 2574 ardua
868 2528 932 2586 tota,

269 2591 304 2643 Et
316 2592 437 2658 gradiens
450 2593 504 2644 ima
516 2593 597 2644 verrit
609 2592 722 2657 vestigia
734 2592 825 2643 cauda.

269 2660 345 2712 AEtas
358 2661 485 2712 Lucinam
493 2662 630 2727 justosque
643 2661 700 2728 pati
712 2661 860 2727 hymenaeos

254 2727 368 2778 Desim't
376 2735 443 2781 ante
454 2729 552 2797 decem,
564 2736 627 2855 post
639 2735 753 2800 quatuor
765 2728 859 2798 incipit
870 2743 970 2788 annoe3

241 2790 337 2848 ceam
348 2813 403 2848 nee
412 2799 516 2856 arura
527 2800 565 2856 ha
583 2801 636 2870 ilis,
651 2819 703 2857 nec
715 2800 794 2857 fortis
805 2797 912 2855 aratris
