2700 3242
277 291 329 346 114·
508 294 537 346 P.
556 292 710 346 VlRGILII
728 293 891 348 MARONIS

275 399 308 453 ln
322 402 431 469 vulgum
444 399 586 468 ambiguas,
599 407 625 452 et
638 417 754 468 quaerere
765 401 883 451 conscius
895 417 975 452 mura.

278 472 331 522 Nec
343 472 471 539 requievit
484 472 561 538 enim,
574 471 655 522 donec
668 470 809 521 Calchante
820 470 976 521 ministro-

277 540 326 592 Sed
340 541 403 608 quid
415 558 462 608 ego
475 540 531 591 haec
543 547 632 592 autem
645 540 823 607 nequidquam
835 539 941 606 ingrata
954 538 1057 591 revolvo

277 610 378 673 Quidve
390 628 482 676 moror,
495 611 516 661 si
529 627 616 661 omnes
628 626 682 660 uno
694 609 784 660 ordine
796 608 897 660 habetis
909 609 1030 675 Achivos,

280 679 362 748 ldque
374 680 465 732 audire
478 685 518 731 sat
531 679 588 731 estl
604 679 763 746 jamdudum
775 678 869 730 sumite
882 696 988 746 poenas:

278 748 334 801 Hoc
348 750 455 802 Ithacus
467 749 539 816 velit,
552 755 578 800 et
590 765 686 815 magno
698 754 846 799 mercentur
858 747 973 801 Atridae?

276 818 344 870 Tum
356 836 415 871 vero
428 818 547 871 ardemus
561 818 649 869 scitari
662 824 689 868 et
701 834 815 885 quaerere
827 834 926 884 causas,

278 886 369 956 Ignari
381 889 507 940 scelerum
519 893 653 939 tantorum
665 887 781 955 artisque
793 886 917 954 Pelasgae.

277 955 445 1026 Prosequitur
457 957 586 1026 pavitans,
599 962 626 1008 et
637 956 699 1007 ficto
712 962 815 1024 pectore
826 956 907 1008 sauir.

312 1030 327 1057 “
339 1029 426 1092 ‘Saepe
438 1027 529 1095 fugam
542 1027 628 1079 Danai
640 1028 718 1094 Proja
729 1046 761 1079 cu
781 1029 833 1081 iere
844 1032 935 1084 relicta

276 1091 373 1159 Moliri,
385 1100 412 1145 et
424 1092 501 1161 longo
513 1094 575 1145 fessi
586 1094 718 1147 discedere
731 1045 804 1147 bello.

277 1161 459 1231 Fecissentque
471 1163 591 1215 utinam!
611 1180 680 1231 saepe
691 1163 750 1216 illos
762 1182 853 1232 aspera
864 1165 939 1232 ponti

278 1230 430 1284 Interclusit
442 1232 531 1298 hiems,
545 1239 572 1284 et
583 1233 679 1284 terruit
689 1235 785 1287 Auster
797 1242 896 1286 euntes.

276 1300 418 1370 Praecipue,
431 1319 514 1370 quum
522 1303 579 1370 jam
591 1302 634 1354 hic
647 1303 764 1354 trabibus
777 1310 915 1355 contextus
927 1303 1029 1356 acernis

276 1369 363 1423 Staret
375 1388 464 1438 equus,
476 1378 532 1424 toto
545 1379 689 1424 sonuerunt
700 1373 797 1424 aethere
808 1373 899 1424 nimbi.

276 1439 400 1508 Suspensi
412 1440 577 1510 Eurypylum
589 1441 712 1493 scitatum
726 1444 830 1496 oracula
842 1445 933 1499 Phoebi

276 1508 409 1562 Mittimus
419 1528 426 1573 3
444 1510 517 1578 isque
529 1511 616 1578 adytis
628 1511 685 1562 haec
696 1512 783 1562 tristia
795 1512 866 1562 dicta
877 1517 1010 1578 reportat:

276 1577 409 1646 Sanguine
420 1579 543 1648 placastis
555 1586 646 1632 ventos
659 1586 686 1632 et
698 1580 798 1647 virgine
811 1597 884 1647 caesa,

277 1649 363 1712 Quum
375 1648 488 1716 primum
502 1649 595 1701 iliacas
607 1650 694 1701 Danai
706 1650 813 1701 venistis
825 1649 859 1701 ad
871 1666 944 1701 oras:

275 1717 408 1785 Sanguine
421 1719 554 1786 quaerendi
565 1719 673 1785 reditus,
686 1719 825 1787 animaque
837 1719 969 1770 litandum

277 1787 403 1855 Argolica
439 1786 519 1855 Vulgi
532 1805 590 1857 quse
603 1806 655 1840 vox
666 1795 698 1840 ut
710 1790 783 1840 venit
794 1788 828 1840 ad
840 1806 924 1854 aures,

276 1856 439 1925 Obstupuere
450 1858 551 1923 animis,
564 1857 718 1926 gelidusque
730 1876 776 1927 per
788 1859 841 1909 ima
853 1858 969 1910 cucurrit

276 1926 339 1978 Ossa
352 1933 453 1994 tremor,
467 1928 509 1978 cui
521 1927 578 1979 fata
589 1935 690 1996 parent,
703 1945 781 1995 quem
793 1934 882 1996 poscat
894 1927 995 1995 Apollo.

278 1995 327 2047 Hic
340 1995 447 2047 Ithacus
460 2003 547 2049 vatem
559 2014 654 2065 magno
666 1998 810 2050 Calchanta
822 1997 941 2048 tumultu

278 2065 409 2117 Protrahit
420 2065 448 2117 in
460 2067 558 2118 medios
569 2085 575 2130 3
594 2084 652 2135 quae
665 2068 718 2119 sint
730 2085 761 2119 ea
772 2067 882 2118 numina
894 2066 993 2133 divum,

277 2135 398 2202 Flagitat.
434 2135 470 2187 Et
482 2136 547 2197 mihi
556 2139 613 2204 jam
625 2136 704 2189 multi
717 2137 822 2188 crudele
834 2134 964 2188 canebant

276 2205 389 2257 Artificis
402 2205 492 2272 scelus,
505 2212 532 2257 et
544 2207 619 2258 taciti
632 2213 744 2258 ventura
755 2206 888 2258 videbant.

276 2273 319 2325 Bis
331 2275 421 2341 quinos
434 2275 494 2328 silet
506 2275 551 2328 ille
563 2276 624 2341 dies,
638 2282 775 2343 tectusque
786 2281 890 2327 recusat

277 2344 384 2396 Prodere
397 2362 458 2397 voce
470 2362 518 2396 sua
529 2363 687 2414 quemquam
698 2352 746 2397 aut
758 2361 886 2413 opponere
897 2341 983 2394 morti.

277 2413 326 2464 Vix
339 2414 446 2465 tandem
457 2416 559 2482 magnis
573 2414 659 2467 Ithaci
672 2414 827 2466 clamoribus
839 2420 921 2478 actus,

273 2482 420 2551 Composito
432 2485 531 2552 rumpit
544 2502 640 2550 vocem,
653 2490 680 2537 et
691 2502 734 2535 me
746 2484 861 2536 destinat
873 2501 933 2536 arae.

274 2552 409 2604 Assensere
422 2571 528 2617 omnes;
546 2560 580 2619 et,
592 2571 651 2621 quae
664 2554 712 2606 sibi
725 2555 834 2622 quisque
846 2552 963 2619 timebat,

276 2621 357 2673 Unius
371 2621 398 2672 in
410 2623 498 2674 miseri
510 2624 622 2675 exitium
634 2641 757 2676 conversa
768 2624 859 2676 tulere.

270 2691 386 2757 »Jamque
398 2691 452 2742 dies
465 2692 574 2744 infanda
586 2693 676 2745 aderat
686 2711 693 2756 ;
711 2693 777 2745 mihi
789 2710 861 2745 sacra
873 2692 967 2761 parari,

251 2758 284 2809 E
283 2766 295 2810 t
305 2759 387 2814 salsas
397 2762 498 2834 {iuges
512 2770 541 2819 et
553 2763 654 2818 circum
665 2769 786 2834 tempora
794 2763 878 2815 sitta.

235 2827 349 2894 Εηριιί,
363 2833 462 2901 fateor,
475 2836 536 2895 leto
548 2856 601 2907 me,
616 2845 644 2894 et
655 2835 771 2894 vincula
779 2833 863 2902 rupi3
