2700 3242
453 259 456 265 Ι
503 301 669 356 AENEIDOS
687 302 754 355 LIB.
773 301 819 354 ln
1035 304 1086 357 287

240 406 346 459 Durum
358 406 391 458 ab
403 406 485 474 stirpe
496 423 579 473 genus
592 411 667 458 natos
680 404 714 456 ad
725 404 836 456 flumina
848 405 963 472 primum

240 475 397 541 Deferimuq
411 492 530 543 saevoque
542 475 603 542 gelu
617 475 742 526 duramus
755 480 782 525 et
794 473 889 538 undis;

241 544 350 597 Venatu
361 544 504 612 invigilant
515 543 598 612 pueri,
611 543 741 610 silvasque
754 543 870 609 fatigant
882 562 890 607 ;

240 613 361 667 Flectere
373 613 451 665 ludus
465 630 552 680 equos,
564 619 592 664 et
604 612 705 680 spicula
718 612 824 664 tendere
837 628 925 666 cornu.

240 682 280 736 At
291 683 395 750 patiens
407 699 515 750 operum
528 698 659 750 parvoque
672 688 776 733 assueta
784 682 912 748 juventus

241 752 298 803 Aut
310 752 400 803 rastris
413 758 510 803 terram
523 751 618 816 domat,
632 756 680 802 aut
693 750 780 816 quatit
792 750 888 817 oppida
901 751 975 805 bello.

242 820 327 873 Omne
339 838 425 871 aevum
436 821 504 872 ferro
517 820 620 885 teritur,
633 836 758 886 versaque
768 821 916 886 juvencum

242 889 327 957 Terga
338 890 483 957 fatigamus
495 890 588 951 hasta3
606 905 655 939 nec
667 888 743 940 tarda
756 896 876 940 senectus
1037 894 1088 944 610

242 957 373 1010 Debilitat
386 960 453 1010 vires
465 958 555 1022 animi,
568 964 709 1024 mutatque
720 957 844 1024 vigorem.

242 1028 374 1080 Canitiem
387 1027 463 1096 galea
475 1026 618 1095 premimus
630 1045 637 1089 ;
656 1043 808 1094 semperque
820 1033 937 1079 recentes

243 1097 412 1165 comportare
419 1098 499 1164 juvat
511 1096 620 1164 praedas,
634 1101 661 1146 et
674 1096 761 1147 virere
772 1101 856 1162 rapto.

243 1165 326 1218 Vobis
338 1166 410 1233 picta
423 1183 496 1217 croco
509 1173 535 1216 ct
547 1164 663 1233 fulgenti
675 1165 774 1215 murice
786 1165 873 1231 vestis,

243 1234 358 1287 Desidiae
371 1235 456 1297 cordi;
471 1236 550 1302 juvat
562 1234 700 1300 indulgere
712 1233 811 1284 choreis
824 1252 831 1294 ;

243 1303 281 1356 Et
293 1304 390 1356 tunicae
403 1304 527 1366 manicas,
540 1309 566 1354 et
579 1303 679 1354 habent
691 1302 846 1354 redimicula
857 1303 951 1357 mitras.

245 1373 267 1425 Ο
281 1390 341 1425 vere
353 1372 484 1440 Phrygiae,
497 1389 583 1440 neque
596 1373 666 1423 enirn
680 1372 805 1438 Phryges,
818 1372 855 1422 ite
868 1374 981 1439 peralta

244 1441 387 1508 Dindyma,
399 1442 445 1492 ubi
458 1442 567 1493 assuetis
579 1440 690 1492 biforem
702 1440 749 1492 dat
762 1440 827 1491 tibia
839 1447 954 1495 cantum.

245 1509 383 1578 Tympana
395 1528 440 1563 vos
452 1511 591 1578 buxusque
603 1518 699 1561 vocant
712 1510 868 1576 Berecyntia
880 1513 972 1564 matris

247 1580 340 1632 Idaeae:
360 1580 439 1632 sinite
451 1597 524 1631 arma
537 1580 607 1641 viris,
620 1586 647 1631 et
659 1579 743 1630 cedite
755 1578 847 1631 ferro‚”
1041 1586 1092 1634 (520

283 1648 357 1700 Talia
365 1650 512 1716 jactantem
525 1648 611 1712 dictis,
623 1665 654 1699 ac
667 1649 724 1699 dira
737 1655 874 1700 canentem

246 1717 307 1769 Non
321 1718 384 1769 tulit
397 1717 525 1769 Ascanius
537 1737 544 1780 ;
562 1733 694 1784 nervoque
706 1717 828 1769 obversus
841 1719 937 1785 equino

247 1786 369 1838 Intendit
382 1786 473 1852 telum,
486 1787 640 1852 diversaque
653 1787 760 1838 brachia
773 1787 870 1838 ducens

248 1855 381 1921 Constitit,
393 1863 455 1908 ante
468 1856 486 1908 J
488 1873 563 1907 ovem
575 1855 687 1923 supplex
700 1873 747 1923 per
758 1866 820 1908 vota
833 1863 954 1925 precatus
966 1877 972 1910 :

248 1923 382 1990 “Jupiter
394 1923 564 1990 omnipotens,
578 1924 722 1975 audacibus
734 1941 822 1975 annue
836 1924 935 1990 coeptis.

248 1991 309 2058 Ipso
322 1990 371 2042 tibi
383 1989 416 2042 ad
428 1997 476 2042 tua
488 1989 587 2058 templa
599 1990 682 2041 feram
695 1988 820 2040 solemnia
832 1989 908 2052 dona,

248 2059 285 2112 Et
297 2065 412 2111 statuam
424 2067 486 2111 ante
499 2077 557 2111 aras
569 2066 662 2110 aurata
674 2059 761 2110 fronte
769 2061 915 2126 juvencum

249 2129 418 2194 candentem,
431 2128 580 2196 pariterque
592 2134 673 2195 caput
686 2145 746 2178 cum
759 2133 842 2178 matre
855 2127 989 2192 ferentem,

248 2198 268 2250 J
269 2215 313 2250 am
326 2214 407 2249 cornu
419 2204 493 2265 petat
506 2205 532 2249 et
545 2197 654 2264 pedibus
667 2197 713 2264 qui
726 2202 834 2263 spargat
846 2200 977 2250 arenam'l

248 2267 344 2319 Audiit
356 2272 383 2318 et
395 2266 453 2318 coeli
467 2266 574 2318 Genitor
586 2266 618 2316 de
629 2274 705 2333 parte
717 2282 808 2317 serena
1044 2267 1095 2318 630

250 2335 373 2388 Intonuit
385 2335 481 2386 laesum
494 2353 499 2386 :
518 2341 593 2386 sonat
606 2353 659 2386 una
671 2335 762 2386 fatifer
774 2351 856 2386 arcus.

249 2405 353 2471 Effugis
365 2404 524 2455 horrendum
536 2404 648 2455 stridens
661 2404 776 2455 adducta
788 2404 886 2468 sagitta
897 2421 904 2466 ;

250 2474 352 2544 Perque
364 2480 445 2541 caput
458 2473 562 2525 Remuli
574 2473 654 2535 venit,
668 2481 695 2524 et
708 2490 772 2524 cava
784 2479 902 2539 tempora
914 2473 982 2524 ferro

248 2543 364 2610 Trajr'cit.
401 2544 415 2569 “
424 2541 445 2608 Ι,
458 2541 542 2592 verbis
556 2541 681 2592 virtutem
694 2541 776 2592 illude
789 2541 916 2607 superbie.

247 2612 294 2665 Bis
306 2610 378 2680 capti
391 2609 508 2677 Phryges
520 2609 576 2661 haec
590 2610 696 2661 Rutulis
708 2626 830 2677 responsa
842 2610 1008 2662 remittunt.'’

252 2681 310 2732 Hoc
323 2684 429 2730 tantum
442 2677 575 2728 Ascanius.
611 2677 705 2728 Teucri
718 2676 830 2727 clamore
843 2682 997 2744 sequuntur,

252 2748 411 2814 Latitiaque
422 2747 547 2813 fremunt,
560 2745 714 2815 animosque
725 2745 762 2799 ad
773 2745 862 2799 sidera
871 2745 988 2799 tollunt.

249 2817 370 2870 althena
384 2821 439 2867 trun
451 2816 521 2870 forte
532 2815 616 2888 plaga
629 2818 746 2875 crinitus
762 2817 862 2891 hpollo
