2700 3242
251 308 306 359 ³70
486 305 514 359 P.
527 305 685 358 vincum
701 304 867 360 Muretus

253 394 335 468 “Quae
343 408 652 467 nuncdeindemoraestl
661 413 777 482 autquid
782 414 846 481 jam,
851 410 946 475 Turne,
955 417 1043 466 resne

254 477 314 531 Non
325 495 412 547 cursu,
425 481 500 533 savis
512 482 667 533 certandum
679 487 720 532 est
731 481 848 532 cominus
859 481 946 531 armis

254 547 335 601 Verte
345 565 436 601 omnes
447 555 502 601 tete
514 553 543 601 in
554 549 635 601 facies
645 568 652 613 3
670 555 698 601 et
710 549 842 614 contrahe,
854 547 984 616 quidquid

254 616 316 670 Sive
327 618 424 671 animis
435 618 490 672 sive
501 624 558 670 arte
570 619 658 682 vales3
676 625 739 686 opta
750 618 834 670 ardua
844 618 940 685 pennis

255 689 337 740 Astra
349 688 430 756 sequi,
443 688 595 739 clausumve
607 704 674 739 cava
686 699 714 738 te
726 686 836 738 condere
848 685 942 737 terra¹’

254 755 307 808 llle
319 763 401 825 caput
413 773 554 826 quassans:
573 756 656 807 “Non
668 772 710 806 me
723 761 770 806 tua
781 754 884 806 fervida
895 759 997 806 terrent

253 823 343 887 Dicta,
356 827 450 887 ferox;
468 826 496 877 di
507 842 550 878 me
563 830 669 887 terrent,
683 830 710 874 et
722 824 832 890 Jupiter
842 824 949 877 hostia''
972 837 977 845 ·

256 891 313 944 Nec
325 892 402 961 plura
413 891 515 958 effatus,
528 907 622 943 saxum
634 891 813 958 circumspicit
824 891 925 958 ingens,

257 961 358 1014 Saxum
369 961 517 1028 antiquum,
529 960 629 1040 ingens,
642 977 735 1027 campo
747 960 817 1027 quod
828 960 896 1011 forte
904 960 1019 1028 jacebat,

257 1029 344 1083 Limes
356 1046 419 1096 agro
431 1029 539 1097 positus,
551 1028 626 1081 litum
637 1035 669 1080 ut
682 1029 840 1080 discerneret
851 1030 938 1094 arvis;

257 1098 313 1150 Vix
325 1098 392 1149 illud
404 1098 467 1150 lecti
478 1096 518 1149 bis
530 1115 576 1149 sex
588 1097 690 1150 cervice
702 1097 827 1164 subirent,

259 1167 354 1232 Qualia
365 1184 437 1219 nunc
449 1166 586 1219 hominum
598 1167 721 1234 producit
733 1183 839 1235 corpora
851 1167 947 1221 tellus:

259 1236 309 1290 Ille
321 1254 403 1288 manu
414 1243 521 1305 raptum
532 1236 636 1304 trepida
648 1234 788 1304 torquebat
800 1237 828 1288 in
840 1236 950 1304 hostem,

258 1306 346 1358 Altior
357 1305 502 1373 insurgens,
515 1311 542 1358 et
554 1322 633 1357 cursu
645 1307 762 1357 concitus
775 1305 857 1358 heros.

258 1374 310 1428 Sed
323 1391 407 1443 neque
419 1381 568 1426 currentem
580 1392 614 1440 se,
625 1391 674 1426 nec
687 1375 819 1442 cognoscit
831 1379 946 1442 euntem,

260 1443 437 1497 Tollentemve
448 1461 528 1496 manu
542 1461 687 1512 saxumque
699 1445 813 1495 immane
824 1451 992 1500 moventem:

260 1513 353 1565 Genua
364 1513 473 1577 labaut;
490 1513 594 1580 gelidus
606 1514 739 1566 concrevit
750 1514 846 1580 frigore
858 1515 974 1581 sanguis

259 1581 328 1635 'sum
340 1583 407 1650 lapis
419 1582 475 1650 ipse
487 1583 543 1649 viri,
557 1600 669 1635 vacuum
681 1600 728 1651 per
739 1583 818 1634 inane
830 1583 943 1649 volutus,

259 1650 286 1704 N
288 1669 316 1704 ce
329 1652 445 1716 spatium
457 1652 540 1704 evasit
553 1661 647 1718 totum,
659 1669 709 1703 nee
720 1652 831 1720 pertulit
843 1652 934 1704 ictum

259 1720 300 1773 Ac
311 1722 385 1774 velut
397 1721 425 1772 in
438 1721 541 1786 somnia,
554 1721 642 1773 oculos
654 1721 699 1772 ubi
712 1721 838 1788 languida
850 1722 944 1788 pressit

260 1790 344 1845 Nocte
357 1791 438 1857 quies,
450 1791 629 1858 nequidquam
641 1791 731 1842 avidos
743 1791 884 1842 extendere
896 1807 988 1843 cursus

262 1858 336 1910 Velle
349 1859 475 1926 videmur,
489 1865 515 1911 et
528 1860 556 1911 in
568 1860 661 1911 mediis
674 1860 810 1911 conatibus
822 1860 886 1926 aegri

261 1927 443 1992 Succidimus3
461 1946 513 1980 non
526 1929 618 1996 lingua
630 1929 708 1994 valet,
721 1946 772 1981 non
786 1946 890 1996 corpore
902 1935 973 1981 notae

261 1997 402 2050 Sufficiunt
414 1999 489 2063 vires,
502 2016 550 2050 nec
563 2016 612 2050 vox
627 2003 674 2049 aut
687 1999 765 2049 verba
778 2005 940 2065 sequuntur:

261 2065 305 2119 Sic
317 2067 413 2134 Turno,
426 2084 590 2136 quacumque
603 2068 673 2118 viam
686 2068 785 2119 virtute
797 2068 899 2135 petivit,

261 2135 414 2187 Successum
427 2136 476 2188 dea
488 2136 545 2188 dira
556 2143 643 2203 negat.
680 2137 747 2187 Tum
760 2144 862 2205 pectore
875 2153 966 2188 sensus

262 2203 410 2256 Vertuntur
423 2205 495 2257 varii.
532 2206 645 2257 Rutulos
658 2212 778 2272 aspectat
790 2212 816 2257 et
829 2205 928 2271 urbem,

262 2273 460 2342 cunctaturque
472 2280 553 2341 metu,
565 2275 700 2342 telumque
712 2276 810 2326 instare
822 2275 950 2327 tremiscit
961 2293 968 2338 ;

261 2341 316 2396 Nee
331 2362 382 2415 quo
393 2361 419 2395 se
431 2343 533 2411 eripiat,
546 2361 594 2396 nec
608 2361 660 2411 qua
672 2344 699 2394 vi
711 2345 804 2395 tendat
815 2344 843 2394 in
856 2343 966 2410 hostem,

261 2411 317 2463 Nec
329 2429 420 2463 currus
433 2430 544 2480 usquam
556 2413 635 2478 videt,
648 2413 799 2480 aurigamve
812 2430 930 2466 sororem.

263 2480 405 2532 Cunctanti
418 2482 501 2533 telum
514 2483 609 2534 AEneas
621 2482 703 2534 fatale
716 2488 841 2547 coruscat,

262 2547 376 2601 Sortitus
388 2550 522 2602 fortunam
535 2552 633 2614 oculis;
652 2558 679 2603 et
691 2569 796 2618 corpore
809 2557 864 2602 toto

262 2616 373 2669 Eurinus
386 2619 526 2686 intorquet.
562 2620 661 2672 Murali
673 2622 776 2672 concita
788 2637 923 2687 nunquam

259 2684 401 2743 Tomento
415 2689 452 2743 sic
465 2706 529 2742 saxa
540 2689 664 2755 fremunt,
678 2707 725 2740 nec
738 2690 849 2741 fulmine
862 2690 932 2740 tanti

246 2758 412 2819 Dissultant
427 2762 554 2836 crepitus.
588 2760 671 2813 lolat
681 2760 735 2811 atri
742 2759 853 2810 turtinis
864 2758 951 2811 instar

238 2831 376 2894 Exitium
392 2839 492 2895 duum
505 2837 589 2892 hasta
602 2833 701 2897 lerona,
710 2825 941 2893 exaequareclumt
