2700 3242
515 323 681 377 AENEIDOS
699 324 768 376 ΜΒ.
786 323 836 377 ΧΙ.
1049 324 1100 376 327

256 424 298 480 Ne
309 443 379 494 vero,
391 443 424 479 ne
435 443 478 479 me
490 427 524 478 ad
533 426 599 479 tales
612 427 740 495 impellite
752 442 862 494 pugnas.

255 495 312 548 Nec
323 496 390 548 mihi
402 513 463 548 curn
475 496 581 548 Teucris
593 496 679 547 ullum
691 503 750 564 post
762 502 838 546 eruta
851 493 948 545 bellum

256 564 402 634 Pergama3
419 583 468 617 nec
480 571 598 618 veterum
609 565 719 616 memini
731 565 838 616 laetorve
850 563 987 617 malorum.
1048 565 1100 616 280

255 633 375 702 Munera,
389 651 447 702 quae
459 635 551 703 patriis
564 634 598 686 ad
609 652 652 686 me
663 634 775 702 portatis
787 633 820 685 ab
832 633 891 698 oris,

256 703 359 756 Vertite
371 704 405 756 ad
417 704 526 756 AEnean.
562 703 689 756 Stetimus
702 703 757 755 tela
768 719 860 783 aspera
872 708 972 769 contra,

255 772 473 841 (lontulimusque
484 789 594 826 manus:
613 778 721 840 experto
734 772 839 836 credite,
852 779 968 838 quantus

255 842 289 894 In
302 843 417 911 clipeum
428 849 555 910 assurgat,
568 858 620 910 quo
633 841 738 892 turbine
750 846 871 910 torqueat
882 840 997 894 hastam.

254 910 284 964 Si
296 912 348 964 duo
361 917 488 980 praeterea
500 910 566 964 tales
579 911 652 962 Idaea
663 910 768 962 tulisset

254 980 334 1033 'ferra
345 981 422 1048 viros,
435 981 505 1033 ultro
520 980 642 1032 Inachias
654 980 768 1032 venisset
779 979 814 1031 ad
826 977 904 1031 urbes

253 1049 402 1117 Dardanus,
414 1056 442 1102 et
454 1050 534 1103 versis
546 1050 649 1116 lugeret
662 1048 762 1101 Graecia
774 1049 844 1101 fatis.

255 1119 390 1188 Quidquid
402 1119 473 1188 apud
486 1120 558 1171 durae
571 1125 701 1170 cessatum
712 1125 752 1169 est
764 1118 861 1170 moenia
873 1117 964 1185 Trojse,

254 1188 376 1241 Hectoris
388 1189 530 1257 AEneaeque
541 1205 624 1240 manu
635 1187 745 1238 victoria
758 1187 867 1238 Graium

254 1257 347 1325 Haesit,
360 1264 388 1310 et
400 1259 428 1309 in
440 1258 573 1310 decimum
584 1257 697 1324 vestigia
708 1256 802 1307 retulit
814 1271 922 1307 annum.
1046 1257 1098 1308 290

253 1327 338 1379 Ambo
350 1327 452 1394 animis,
465 1325 541 1380 ambo
554 1327 669 1394 insignes
681 1324 866 1394 prestantibus
879 1324 958 1375 armis
965 1342 973 1388 ;

253 1396 307 1448 Hic
319 1397 419 1464 pietate
431 1397 508 1464 prior.
544 1396 644 1448 Coeant
656 1395 685 1445 in
696 1394 795 1446 foedera
807 1394 916 1457 dextroe,

253 1466 311 1527 Qua
324 1464 418 1517 datur:
436 1471 484 1530 ast,
497 1465 575 1516 armis
588 1468 746 1516 concurrant
758 1478 839 1525 arma,
852 1459 959 1511 cavete!

251 1533 287 1585 Et
299 1549 421 1601 responsa
433 1533 510 1585 simul
523 1550 581 1601 quae
595 1533 654 1597 sint,
668 1549 716 1584 rex
729 1531 835 1597 optime.
849 1529 918 1595 regis

251 1603 364 1668 Audisti,
377 1610 404 1655 et
416 1619 473 1670 quae
486 1603 521 1654 sit
532 1618 628 1668 magno
640 1600 773 1654 sententia
786 1598 878 1651 bello.”

289 1673 343 1724 vix
356 1690 387 1724 ea
399 1672 481 1740 legati
491 1691 498 1735 ;
516 1672 656 1737 variusque
668 1687 715 1737 por
727 1687 771 1721 ora
783 1668 900 1720 cucurrit

253 1741 419 1794 Ausonidum
431 1740 538 1794 turbata
549 1741 661 1792 fremor:
680 1756 729 1791 ceu
741 1756 806 1790 saxa
817 1743 954 1790 morantur

254 1811 343 1874 Quum
354 1811 459 1880 rapidos
471 1828 567 1875 amnes,
580 1809 611 1862 fit
623 1809 712 1860 clauso
723 1809 829 1876 gurgite
841 1824 968 1873 murmur,

253 1880 407 1948 Vicinsoque
418 1880 536 1932 fremunt
546 1880 612 1960 ripae
625 1878 815 1947 crepitantibus
827 1877 912 1928 undis.

252 1949 291 2002 Ut
302 1950 418 2018 primum
430 1948 528 2017 placati
540 1948 629 2010 ammi,
642 1955 669 1999 et
681 1947 785 2014 trepida
796 1963 841 1998 ora
852 1945 983 2013 quierunt,
1043 1946 1095 1995 300

252 2018 383 2071 Praeiatus
396 2018 468 2070 divos
481 2017 544 2069 solio
556 2034 603 2069 rex
614 2017 675 2068 infit
686 2016 721 2068 ab
732 2015 803 2068 alto:

288 2087 382 2140 “Ante
394 2085 516 2154 equidem
528 2100 631 2136 summa
643 2082 675 2134 de
688 2100 715 2134 re
728 2082 858 2144 statuisse,
871 2079 967 2132 Latini.

251 2156 288 2209 Et
299 2156 401 2221 vellem,
414 2161 441 2206 et
453 2154 540 2205 fuerat
552 2152 645 2204 melius
656 2170 663 2214 ;
681 2167 735 2201 non
747 2156 863 2216 tempore
875 2145 924 2197 tuli

251 2225 349 2292 Cogere
361 2223 509 2289 concilium,
522 2238 605 2290 quum
617 2237 705 2272 muros
716 2217 813 2270 assidet
826 2215 914 2267 hostis.

251 2295 357 2346 Bellum
368 2294 556 2361 importunum,
570 2290 646 2356 cives,
659 2305 720 2340 cum
731 2295 810 2354 gente
822 2285 937 2348 deorum,

252 2363 415 2430 invictisque
427 2362 489 2414 viris
502 2360 623 2428 gerimus,
636 2375 702 2425 quos
714 2355 789 2407 nulla
800 2354 917 2420 fatigant

253 2431 357 2499 Proelia,
370 2449 418 2483 neo
432 2430 495 2483 victi
508 2434 617 2498 possunt
629 2427 754 2479 absistere
766 2424 841 2475 ferro.

252 2501 331 2570 Spem
343 2501 365 2553 si
378 2517 457 2622 guam
469 2498 576 2551 adscitis
588 2495 708 2548 AEtolum
720 2492 849 2546 habuistis
861 2491 890 2542 in
902 2488 989 2555 armis,

252 2570 354 2623 Ponite.
397 2586 442 2637 pes
454 2569 504 2620 sibi
515 2567 641 2634 quisquo:
654 2564 700 2616 sed
710 2564 767 2615 haec
779 2578 858 2629 quam
870 2565 984 2626 angusta
993 2556 1096 2610 videtis.

251 2639 345 2692 Cetera
358 2656 410 2707 qua
421 2655 509 2690 rerum
518 2639 626 2705 jaceant
639 2633 759 2702 perculsa
771 2630 856 2696 ruina,
1044 2628 1096 2678 310

251 2709 323 2760 Ante
335 2707 422 2760 oculos
435 2707 556 2774 interque
568 2721 662 2755 manus
676 2708 739 2754 sunt
751 2699 839 2752 omnia
852 2703 957 2750 vestras.

250 2777 277 2830 N
277 2794 307 2830 eo
319 2793 478 2846 quemquam
490 2775 589 2828 incuso.
625 2771 722 2827 Potuit
734 2787 796 2842 quio
805 2767 930 2845 pluirma
937 2766 1033 2815 exutus

244 2847 314 2911 Esse
328 2845 389 2898 fuit.
427 2845 492 2900 Toto
505 2852 646 2902 certatum
658 2853 706 2902 est
717 2859 834 2915 corpote
843 2853 939 2910 *ilem*
