2700 3242
320 294 368 344 Μ
544 291 574 347 Ρ.
592 291 747 347 vluomn
765 291 927 345 Mssorus

316 386 397 438 Hunc
409 386 455 438 ubi
467 388 623 458 contiguum
634 391 720 442 misse
731 391 787 442 fore
798 389 911 442 credidit
922 389 1015 456 hastse,

317 454 360 506 lre
391 456 443 507 rior
456 456 550 524 Pelles,
563 459 586 510 si
598 476 651 527 qus
661 459 715 511 fors
726 459 835 527 adjuvet
847 476 942 511 susum

316 473 423 576 Viribus
435 525 587 593 imparibus,
598 545 778 596 magnumque
790 529 829 580 ita
840 528 874 580 sd
887 528 985 580 aethers
996 530 1089 582 fatur:

317 599 391 650 “Per
403 597 485 665 patris
498 595 649 662 hospitium,
661 601 689 646 et
701 611 803 647 memes
816 611 879 661 qiras
891 593 995 648 advena
1006 598 1098 664 edisti,
1115 603 1166 652 460

314 662 351 715 'l'e
363 678 460 730 precor,
473 661 573 729 Alcide,
585 662 677 731 coeptis
689 661 841 728 ingentibus
852 658 930 712 adsis.

315 731 411 783 Cernat
423 730 546 783 semineci
558 730 607 784 sibi
618 749 661 784 me
672 747 762 799 rapere
775 746 849 782 arma
860 733 976 793 eruenta

315 799 499 867 victoremque
511 800 598 852 ferant
609 801 748 852 morientia
759 798 861 850 lumine
872 795 977 849 'lurni’'

315 868 410 920 Audiit
421 867 527 921 Alcides
534 871 667 937 juvenem,
680 884 858 936 magnumque
870 865 919 918 sub
931 866 984 918 imo

316 937 397 989 Corde
409 937 505 1006 premit
516 938 652 1004 gemitum,
664 938 837 1004 lacrimasque
849 934 942 986 effudit
953 935 1055 988 inanes

315 1005 384 1056 'lum
397 1005 505 1057 Genitor
517 1012 610 1058 natum
623 1007 701 1059 dictis
713 1005 810 1058 affatur
821 1005 929 1056 amicis:

318 1072 333 1098 “
344 1071 402 1123 Stat
415 1090 462 1123 sua
474 1073 569 1138 cuique
581 1074 654 1135 dies;
673 1072 753 1124 breve
765 1078 792 1123 et
804 1069 971 1136 irreparabile
983 1074 1092 1138 tempus

318 1138 446 1191 Omnibus
458 1145 498 1191 est
509 1139 589 1193 vitae:
607 1140 653 1192 sed
665 1141 763 1192 famam
776 1139 917 1191 extendere
928 1139 1015 1204 factis,

318 1209 376 1260 Hoc
389 1208 495 1260 virtutis
508 1226 579 1276 opus.
616 1209 700 1277 Trojae
713 1208 761 1260 sub
772 1207 903 1260 moenibus
914 1208 977 1260 altis

318 1277 368 1329 Tot
380 1277 436 1329 uati
450 1277 565 1330 cecidere
577 1277 656 1330 deum
666 1297 674 1340 ς
692 1278 758 1347 quin
770 1278 866 1330 occidit
878 1294 933 1328 uns
1107 1275 1159 1329 470

318 1346 458 1414 Sarpedon,
471 1363 530 1398 mea
542 1347 685 1415 progenies.
720 1346 809 1398 Etiam
822 1363 870 1398 sua
882 1346 1001 1398 Turnum

319 1415 386 1467 Fata
399 1421 500 1481 vocant,
513 1422 648 1484 metasque
661 1415 718 1467 dati
731 1415 896 1484 pervenitad
909 1410 982 1467 aevi”

319 1483 362 1536 Sic
374 1484 420 1550 ait,
432 1492 512 1552 atque
524 1485 611 1536 oculos
626 1485 785 1537 Rutulorum
796 1484 882 1552 rejicit
893 1485 970 1538 arvis.

319 1554 356 1604 At
369 1552 456 1604 Pallas
468 1553 571 1620 magnis
583 1554 683 1607 emittit
695 1553 795 1606 viribus
806 1554 917 1619 hastam,

333 1621 486 1689 vaginaque
499 1638 563 1674 cave
575 1622 723 1690 fulgentem
736 1623 833 1691 deripit
844 1619 953 1690 ensem]

336 1690 372 1741 lla
384 1691 481 1755 volans,
494 1691 609 1744 humeris
622 1698 799 1759 surguntque
812 1691 929 1758 tegmina
941 1707 1053 1758 summu,

320 1760 426 1826 Incidit,
439 1767 519 1827 atquc
532 1761 601 1812 viam
614 1762 692 1830 clipei
704 1761 798 1812 molita
809 1778 856 1828 per
868 1777 932 1826 oras,

319 1827 437 1879 Tandem
449 1830 530 1880 etiam
542 1847 637 1896 magno
650 1830 758 1882 strinxit
770 1830 803 1881 de
815 1846 920 1897 corpore
932 1827 1022 1881 'l'urui

320 1896 373 1948 Ilio
386 1898 489 1948 Turnus
501 1899 569 1950 ferro
582 1899 719 1966 prefixum
731 1899 810 1951 robur
821 1905 900 1951 acuto

322 1966 356 2016 In
370 1966 492 2017 Pallanta
504 1967 551 2017 diu
563 1967 660 2019 librans
669 1968 744 2035 jacit,
757 1975 837 2036 atquc
850 1968 888 2019 ita
899 1968 988 2019 fatur:
1110 1967 1158 2019 480

322 2038 337 2068 ⁴‘
345 2036 445 2101 Aspice,
458 2053 523 2086 num
534 2053 610 2103 mage
622 2038 658 2088 sit
670 2044 789 2088 nostrum
802 2035 964 2105 penetrabile
977 2033 1088 2086 telum.'’

320 2101 449 2163 Dixerat;
467 2111 496 2153 at
508 2101 629 2170 clipeum,
643 2110 683 2154 tot
695 2105 757 2153 ferri
770 2111 851 2169 terga,
864 2110 904 2154 tot
916 2103 975 2154 aeris

322 2170 410 2232 Quum
422 2170 498 2239 pellis
511 2172 607 2223 totiens
620 2171 696 2223 obeat
708 2172 871 2223 circumdata
884 2171 961 2236 tauri,

321 2239 444 2290 Vibranti
456 2238 573 2290 medium
585 2241 672 2308 cuspis
685 2241 878 2293 transverberat
890 2241 953 2307 ictu,

320 2307 470 2376 Loricaeque
482 2325 567 2360 moras
579 2315 606 2360 et
619 2315 710 2376 pectus
723 2310 838 2376 perforat
849 2310 949 2376 ingens.

322 2378 372 2429 Ille
384 2378 454 2445 rapit
467 2377 581 2430 calidum
594 2378 693 2430 frustra
705 2378 737 2430 de
750 2378 859 2430 vulnere
871 2378 971 2431 telum:

321 2445 383 2497 Una
394 2446 537 2513 eademque
550 2446 593 2498 via
605 2448 710 2514 sanguis
723 2448 879 2516 animusque
891 2452 1046 2513 sequuntur.

322 2515 426 2566 (torruit
437 2515 466 2565 in
479 2515 575 2566 vulnus
585 2533 592 2577 ;
611 2517 727 2567 sonitum
739 2534 903 2584 super-arma
915 2516 1027 2580 dedere;

322 2583 358 2635 Et
371 2593 467 2634 terram
479 2584 600 2635 hostilem
612 2582 725 2635 moricn's
737 2586 805 2655 petit
818 2603 861 2638 ore
873 2593 989 2639 cruento.

318 2652 405 2719 Quem
419 2652 525 2707 Turnus
537 2670 614 2722 super
626 2654 770 2707 adsistens:

308 2733 465 2804 “Arcadee,
481 2731 567 2804 hsec,”
581 2729 686 2803 inquit,
693 2729 708 2759 “
715 2744 843 2782 memores
850 2744 912 2778 mes
920 2727 992 2804 diets
998 2727 1097 2784 referte

297 2806 441 2867 Evandro
452 2830 457 2866 :
483 2808 610 2879 Qualem
621 2800 735 2868 meruit,
743 2796 876 2849 usitasse
883 2801 999 2843 rexnam.
