2700 3242
332 285 361 334 Jd
535 279 564 333 P.
583 278 738 333 VIRGILII
756 276 919 333 MARONIS

325 381 361 434 lle
373 379 480 449 quidem
492 378 542 430 hoc
554 395 676 449 sperans:
694 396 757 431 nam
769 378 858 431 Pallas
869 384 933 432 ante
944 384 1077 447 ruentem,

318 451 382 502 >um
394 449 467 515 furit,
480 448 618 500 incautum
630 448 730 500 crudeli
742 455 826 500 morte
838 448 941 515 sodalis,

313 520 426 588 Excipit,
439 524 521 585 atque
533 534 622 569 ensem
634 517 736 570 tumido
748 519 777 569 in
789 518 914 586 pulmone
925 517 1052 572 recondit

310 589 382 641 Hinc
395 587 549 640 Sthenelum
561 587 636 654 petit,
648 593 676 639 et
689 586 778 639 Rhoeti
791 587 823 638 de
835 594 915 654 gente
926 593 1033 640 vetusta

310 656 509 721 Anchemolum,
521 655 651 707 thalamos
663 673 758 708 ausum
769 656 898 708 incestare
910 673 1037 709 novercae.

311 726 363 778 Vos
375 727 456 778 etiam
468 725 567 792 gemini
580 725 688 777 Rutulis
701 725 832 777 cecidistis
844 725 872 777 in
883 725 962 792 arvis,
1104 729 1156 781 390

310 795 419 861 Daucia,
432 794 526 847 Laride
538 793 729 862 Thymberque,
742 794 876 846 simillima
888 795 981 864 proles,

312 864 458 916 lndiscreta
470 864 524 915 suis
535 873 681 930 gratusque
692 863 845 932 parentibus
857 880 945 928 error;

311 934 347 985 At
360 950 430 985 nunc
442 933 509 984 dura
521 932 595 984 dedit
607 933 680 985 vobis
692 933 845 985 discrimina
856 933 961 986 Pallas:

310 1002 379 1055 Nam
392 1002 449 1068 tibi,
461 1001 599 1069 Thymbre,
612 1010 694 1070 caput
706 1001 855 1054 Evandrius
866 1002 977 1056 abstulit
989 1002 1077 1069 ensis3

310 1071 347 1123 Te
359 1071 446 1123 decisa
458 1087 543 1137 suum,
556 1070 658 1136 Laride,
670 1071 780 1123 dextera
792 1071 894 1140 quaerit,

310 1141 533 1208 Semianimesque
544 1139 645 1192 micant
657 1140 743 1208 digiti,
754 1141 906 1209 fenumque
917 1145 1073 1197 retractant

310 1210 426 1262 Arcadas
438 1225 558 1261 accensos
569 1210 680 1274 monitu,
693 1215 720 1261 et
733 1209 858 1283 praeclara
867 1217 972 1263 tuentes

310 1279 393 1331 Facta
405 1278 462 1344 viri,
474 1279 576 1331 mixtus
588 1278 661 1330 dolor
672 1284 700 1331 et
712 1278 797 1348 pudor
808 1286 894 1332 armat
905 1279 934 1331 in
946 1279 1042 1334 hostes.

311 1349 378 1400 Tum
391 1347 478 1399 Pallas
491 1347 588 1415 bijugis
600 1348 746 1415 fugientem
759 1348 870 1401 Rhoetea
881 1355 976 1419 prater

310 1417 427 1484 Trajicit.
463 1417 521 1469 Hoc
534 1417 656 1485 spatium,
668 1423 827 1486 tantumque
838 1434 917 1469 morae
929 1418 983 1470 fuit
997 1417 1056 1483 1103
1100 1421 1154 1471 400

311 1487 352 1539 Ilo
365 1502 478 1554 namque
490 1486 580 1554 procul
594 1486 710 1538 validam
722 1486 855 1539 direxerat
867 1487 979 1553 hastam,

312 1556 397 1620 Quam
409 1555 510 1607 medius
524 1556 649 1607 Rhoeteus
661 1555 805 1625 intercipit,
817 1556 916 1625 optime
928 1556 1055 1625 Teuthra,

310 1626 347 1677 Tc
359 1625 471 1692 fugiens,
483 1626 644 1693 fratremque
656 1624 742 1691 Tyren
753 1643 759 1687 ;
778 1642 909 1693 curruque
921 1626 1029 1679 volutus

311 1695 394 1747 Credit
407 1694 566 1745 semianimis
579 1694 739 1746 Rutulorum
752 1693 867 1747 calcibus
878 1712 948 1749 arva

310 1763 350 1815 Ac
363 1763 443 1829 velut,
456 1770 545 1832 optato
558 1763 643 1814 ventis
655 1771 746 1816 astate
758 1764 859 1831 coortis,

310 1831 435 1901 Dispersa
446 1833 568 1884 immittit
580 1832 652 1884 silvis
664 1833 787 1885 incendia
799 1841 905 1901 pastor;

312 1901 441 1970 Correptis
454 1901 540 1953 subito
552 1901 653 1968 mediis,
666 1902 821 1954 extenditur
832 1919 886 1955 una

311 1970 426 2023 Horrida
438 1988 484 2039 per
496 1970 563 2023 latos
575 1971 643 2023 acies
657 1972 787 2023 Vulcania
799 1988 903 2041 campos
913 1989 920 2035 ;

311 2040 361 2092 Ille
374 2040 465 2092 sedens
477 2039 561 2092 victor
572 2041 691 2093 flammas
703 2041 838 2108 despectat
849 2047 974 2096 ovantes:

310 2109 337 2161 N
338 2127 371 2161 on
383 2110 461 2161 aliter
472 2109 572 2161 socihm
583 2110 667 2162 virtus
680 2111 733 2162 coit
745 2111 828 2162 omnis
840 2109 868 2161 in
882 2128 971 2178 uuum,
1103 2116 1140 2164 41¹

311 2179 399 2247 Teque
408 2180 495 2246 juvat,
507 2179 589 2232 Palla
625 2178 676 2231 Sed
689 2179 764 2231 bellis
776 2197 836 2231 acer
848 2179 961 2231 Halesus

311 2248 408 2300 Tendit
420 2248 449 2299 in
460 2247 588 2314 adversos,
601 2265 679 2316 seque
691 2249 719 2300 in
732 2267 779 2301 sua
791 2249 892 2316 colligit
903 2266 984 2302 arma

312 2316 365 2369 Hic
377 2324 477 2369 mactat
491 2317 603 2383 Ladona,
617 2317 787 2386 Pheretaque,
800 2318 1050 2388 Demodocumque:

312 2386 461 2454 Strymonio
474 2386 595 2439 dextram
607 2387 722 2454 fulgenti
735 2389 832 2456 deripit
844 2405 905 2440 ense

312 2455 418 2507 Elatum
429 2456 457 2506 in
467 2456 593 2523 jugulum
604 2475 611 2520 ;
629 2474 692 2509 saxo
704 2458 766 2509 ferit
778 2475 823 2510 ora
835 2457 970 2524 Thoantis,

312 2525 428 2592 Ossaque
441 2525 562 2592 dispersit
575 2526 678 2578 cerebro
691 2527 822 2594 permixta
834 2533 949 2580 cruento.

311 2594 380 2646 Fata
392 2611 488 2645 canens
500 2595 572 2647 silvis
585 2597 689 2661 genitor
700 2596 798 2648 celarat
811 2596 947 2665 Halesum,

305 2665 342 2719 Ut
354 2665 445 2721 senior
455 2664 511 2721 leto
524 2665 647 2721 canentia
657 2665 760 2718 lumina
771 2666 865 2719 solvit:

288 2735 326 2791 In
321 2740 421 2809 jecere
434 2759 551 2796 manum
565 2740 670 2805 Parca,
680 2737 796 2806 telisque
806 2740 942 2787 metarunt

217 2872 218 2875 ,
277 2807 424 2874 Evandri
464 2817 560 2889 Quem
575 2815 619 2873 sie
630 2811 729 2871 Pallas
737 2807 813 2880 petit
821 2804 1036 2867 autemeam.
