2700 3242
516 254 683 310 AENEIDOS
699 257 766 310 LIB.
785 258 837 310 111.
1042 255 1092 308 143

251 356 324 410 Nate
335 356 405 410 deal
424 356 544 410 vivisne?
562 364 609 411 aut
622 358 644 410 si
655 359 704 411 lux
716 359 786 412 ulma
797 360 910 425 recessit,

251 425 354 479 Hector
365 425 412 478 ubi
424 435 464 481 est
474 428 492 482 2’
510 430 588 498 dixit,
600 432 773 500 lacrimasque
785 431 886 494 effudit,
898 436 925 482 et
937 445 1042 482 omnem

251 494 295 547 Im
314 495 380 548 levit
392 495 504 549 clamore
515 498 609 550 locum.
645 498 698 550 vix
710 516 795 567 pauca
806 500 905 551 furenti

252 513 378 632 flagicio,
390 571 418 617 et
429 566 495 617 raris
506 565 629 619 trubetus
641 568 748 620 vocibus
760 568 848 620 hisco:

251 635 339 689 ‘Vivo
351 633 482 703 equidem,
494 634 630 706 vitamque
642 643 763 689 extrema
774 653 823 704 per
834 637 923 689 omnia
932 635 1007 690 duco.

250 701 279 755 N
279 720 294 755 e
305 702 416 754 dubita:
433 720 496 755 nam
509 721 570 756 vera
581 705 660 757 vides.

251 771 333 824 Heu!
353 771 412 840 quis
423 777 451 824 te
463 789 537 825 casus
549 774 679 841 dejectam
690 775 801 842 conjuge
813 779 889 826 tanto

251 839 383 909 Excipiet
400 846 449 894 aut
460 859 519 910 quse
532 842 613 910 digna
624 844 688 895 satis
700 843 807 895 fortuna
818 842 929 896 revisit?

251 908 378 961 Hectoris
389 908 572 960 Andromache
584 909 707 976 Pyrrhin‘
720 910 851 962 connubia
863 928 950 963 servas
960 910 977 960 'l'

251 977 358 1045 Dejecit
369 977 483 1043 vultum,
495 983 523 1030 et
534 977 647 1030 demissa
658 996 722 1032 voce
734 979 824 1032 locuta
835 985 892 1033 est:
1050 982 1101 1030 320

251 1047 260 1073 ‘
271 1047 293 1098 Ο
305 1046 373 1098 felix
384 1063 440 1100 una
451 1053 515 1099 ante
526 1047 593 1100 alias
605 1047 739 1100 Priameia
751 1049 833 1115 virgo,

254 1113 389 1166 Hostilem
401 1113 435 1166 ad
446 1114 581 1166 tumulum
593 1115 676 1182 Trojae
690 1113 739 1165 sub
749 1113 880 1165 moenibus
891 1113 953 1167 ultis

254 1183 338 1236 Jussa
349 1182 423 1249 mori,
436 1200 496 1251 quae
508 1184 616 1236 sortitus
628 1201 682 1235 non
694 1183 805 1251 pertulit
817 1182 892 1250 ullos,

254 1252 313 1305 Nec
326 1252 431 1305 victoris
442 1252 501 1304 heri
512 1253 603 1320 tetigit
616 1253 722 1320 captiva
734 1252 837 1306 cubile!

254 1321 320 1387 Nos,
332 1321 420 1389 patria
430 1321 544 1388 incensa,
557 1323 660 1374 diversa
673 1339 720 1389 per
731 1338 837 1389 aequora
847 1326 938 1388 vectae,

256 1390 355 1459 Stirpis
367 1390 493 1442 Achilleae
505 1391 591 1442 fastus
599 1393 778 1459 juvenemque
791 1390 939 1458 superbum,

256 1459 371 1512 Servitio
382 1459 475 1527 enixae,
488 1459 598 1512 tulimus
609 1478 616 1523 ;
634 1461 682 1528 qui
693 1460 795 1526 deinde,
808 1466 914 1512 secutus

256 1529 382 1581 Ledaeam
393 1529 564 1582 Hermionem
577 1528 839 1597 Lacedaemoniosque
850 1530 1006 1597 hymenaeos,

256 1597 306 1650 Me
317 1597 417 1650 famulo
428 1598 608 1666 famulamque
621 1598 723 1650 Heleno
736 1598 883 1650 transmisit
894 1599 1050 1652 habendam.

257 1667 310 1720 Ast
321 1667 406 1735 illum,
418 1673 515 1736 ereptae
527 1683 623 1735 magno
635 1667 815 1719 infiammatus
826 1684 913 1720 amore
1050 1670 1103 1722 330

259 1735 393 1804 Oonjugis,
405 1742 433 1789 et
445 1736 573 1789 scelerum
585 1736 672 1788 Furiis
684 1737 809 1804 agitatus,
823 1736 926 1789 Orestes

258 1805 370 1874 Excipit
380 1806 520 1858 incautum
532 1805 682 1870 patriasque
694 1807 833 1858 obtruncat
845 1804 879 1857 ad
891 1823 957 1858 aras.

257 1874 348 1928 Morte
360 1874 525 1944 Neoptolemi
536 1891 678 1943 regnorum
689 1875 793 1927 reddito
805 1875 883 1927 cessit

258 1943 326 1997 Pars
338 1944 448 2012 Heleno,
461 1945 507 2012 qui
519 1944 647 1996 Chaonios
659 1944 813 2011 cognomine
825 1961 937 2012 campos,

258 2013 457 2082 Chaoniamque
469 2030 573 2066 omnem
586 2013 696 2081 Trojano
709 2031 725 2064 a
738 2013 842 2065 Chaone
854 2013 931 2079 dixit,

259 2081 442 2151 Pergamaque
456 2083 617 2150 Iliacamque
625 2082 699 2150 jugis
711 2082 780 2134 hanc
792 2082 896 2134 addidit
908 2099 1000 2135 arcem.

259 2151 313 2205 Sed
325 2151 375 2203 tibi
387 2152 433 2220 qui
446 2169 551 2204 cursum
564 2152 644 2217 venti,
657 2169 717 2219 quae
729 2152 786 2204 fata
798 2151 891 2203 dedere
902 2151 912 2204 l

259 2221 319 2273 Aut
330 2221 453 2290 quisnam
464 2222 586 2288 ignarum
598 2221 694 2272 nostris
706 2221 771 2273 deus
782 2220 887 2288 appulit
899 2220 969 2273 orisl

262 2290 334 2354 Quid
345 2307 412 2360 puer
424 2289 572 2342 Ascanius?
608 2290 763 2358 Superatne‚
776 2295 803 2341 et
815 2290 929 2342 vescitur
940 2289 1024 2342 aurai

261 2360 348 2423 Quem
359 2359 409 2412 tibi
417 2361 475 2428 jam
487 2359 599 2426 Troja-
1054 2362 1106 2412 340

262 2429 355 2497 Ecqua
366 2434 457 2481 tamen
469 2446 549 2497 puero
562 2434 601 2481 est
614 2427 715 2480 amissae
728 2445 791 2480 cura
802 2427 919 2495 parentis
929 2427 939 2480 i

262 2497 367 2564 Ecquid
379 2499 408 2550 in
420 2499 558 2567 antiquam
570 2499 697 2552 virtutem
709 2498 861 2578 animosque
873 2497 962 2549 viriles

264 2569 541 2693 Rupiiihiihii
549 2568 701 2703 lltllll
710 2566 956 2704 tltttlsstttt

263 2709 399 2762 Incassum
411 2707 507 2769 fletus;
526 2723 608 2772 quum
620 2721 675 2760 sese
688 2721 704 2759 a
714 2702 848 2757 moenibus
858 2702 939 2758 heros

263 2777 405 2828 Pnhmr'des
415 2777 508 2827 multis
522 2775 643 2832 Helenus
657 2776 858 2834 comitantibus
870 2777 966 2834 elisit.
