2700 3242
396 309 448 360 196
627 305 657 360 Ρ.
676 307 832 360 VIRGILII
849 305 1013 360 MARONIS

394 408 620 477 Pergameumque
632 409 734 476 Larem,
747 415 774 461 et
786 427 859 462 canae
871 409 1018 478 penetralia
1031 409 1128 476 Vestae,

394 478 475 531 Farre
487 479 531 546 pio
544 484 570 530 et
582 478 662 546 plena
674 479 786 547 supplex
799 485 940 532 veneratur
952 496 1048 531 acerra.

429 547 571 616 Extemplo
585 549 665 599 socios
677 549 844 616 primumque
856 548 964 600 arcessit
977 547 1098 615 Acesten,

394 615 431 669 Et
442 617 518 670 doris
531 617 671 684 imperium
684 622 711 668 et
723 618 777 668 cari
789 624 921 685 praecepta
933 618 1050 685 parentis

393 685 501 753 Edocet,
513 692 541 738 et
553 701 611 753 quae
624 703 695 736 nunc
707 686 795 737 animo
808 687 942 738 sententia
954 691 1062 738 constet.

394 753 476 807 Haud
488 772 561 807 mora
573 755 696 822 consiliis,
708 771 757 806 nec
767 757 842 824 jussa
854 762 959 807 recusat
970 755 1084 806 Acestes.

393 823 582 876 Transcribunt
594 822 653 875 urbi
665 830 770 890 matres,
783 824 964 892 populumque
977 823 1110 875 volentem

393 892 545 962 Deponunt,
557 893 657 944 animos
669 893 708 944 nil
719 910 823 960 magnae
835 893 922 945 laudis
934 899 1048 959 egentes.

395 961 450 1030 Ipsi
463 967 578 1014 transtra
590 967 697 1028 novant,
709 961 873 1029 flammisque
884 961 990 1014 ambesa
1001 965 1136 1030 reponunt

395 1030 497 1084 Robora
508 1030 621 1098 navigiis
632 1049 639 1094 ;
657 1036 752 1099 aptant
763 1048 898 1099 remosque
910 1031 1086 1098 rudentesque
1097 1047 1104 1082 τ

394 1099 495 1167 Exigui
506 1116 622 1166 numero,
635 1099 680 1151 sed
692 1099 760 1151 bello
772 1100 862 1152 vivida
874 1100 966 1152 virtus.

395 1169 501 1222 Interea
512 1169 609 1220 AEneas
620 1167 712 1220 urbem
725 1168 846 1236 designat
858 1175 952 1236 aratro,

395 1237 561 1304 Sortiturque
573 1237 662 1290 domos
672 1256 680 1302 3
698 1237 747 1289 hoc
760 1238 847 1304 Ilium,
860 1244 888 1290 et
900 1238 956 1290 haec
967 1236 1025 1289 loca
1037 1237 1142 1306 Trojam

395 1306 459 1359 Esse
468 1306 552 1373 jubet.
589 1307 693 1359 Gaudet
704 1324 785 1374 regno
797 1307 925 1376 llrojanus
938 1308 1052 1372 Acestes,

396 1375 547 1443 Indicitque
559 1377 653 1443 forum,
666 1382 694 1428 et
706 1376 826 1444 patribus
838 1376 885 1428 dat
894 1378 957 1443 jura
968 1376 1075 1428 vocatis.

396 1444 464 1497 Tum
477 1446 565 1497 vicina
576 1445 652 1497 astris
665 1445 779 1512 Erycino
791 1445 820 1496 in
832 1446 930 1497 vertice
943 1446 1015 1497 sedes

397 1513 537 1566 Fundetur
550 1514 644 1566 Veneri
659 1515 759 1580 Idaliae,
772 1515 927 1581 tumuloque
940 1514 1058 1566 sacerdos

397 1584 435 1635 Ac
447 1583 523 1635 lucus
535 1582 588 1635 late
601 1600 672 1634 sacer
684 1584 792 1635 additur
804 1584 941 1634 Anchiseo.

396 1653 510 1720 Jamque
523 1652 578 1704 dies
590 1653 698 1720 epulata
709 1670 803 1705 novem
815 1670 879 1719 gons
892 1653 983 1718 omnis,
996 1657 1023 1703 et
1036 1652 1088 1703 aris

396 1720 495 1774 Factus
507 1722 587 1773 honos
598 1740 605 1785 ;
623 1721 723 1789 placidi
735 1727 885 1773 straverunt
898 1739 1003 1789 aequora
1014 1722 1095 1786 venti,

397 1789 491 1843 Creber
503 1797 529 1842 et
541 1791 658 1858 aspirans
670 1808 760 1842 rursus
772 1797 848 1842 vocat
861 1790 957 1842 Auster
968 1790 996 1841 in
1009 1790 1102 1843 altum.

395 1858 523 1911 Exoritur
534 1877 661 1928 procurva
673 1861 766 1927 ingens
778 1877 825 1928 per
836 1860 914 1911 litora
926 1860 1021 1922 fletus;

396 1927 532 1997 complexi
544 1929 614 1981 inter
626 1946 652 1980 se
665 1936 820 2049 noctemque
833 1929 954 1996 diemque
966 1935 1109 1980 morantur.

397 1997 465 2066 Ipsoe
473 2000 530 2066 jam
542 2004 646 2065 matres,
658 1999 717 2066 ipsi,
730 2000 777 2065 qui
795 2016 826 2049 us
838 2015 929 2066 aspera
941 1998 1073 2065 quondam

398 2067 461 2120 Visa
472 2067 551 2119 maris
563 2067 650 2133 facies,
663 2074 691 2119 ot
702 2084 755 2118 non
768 2067 902 2119 tolerabile
915 2084 1017 2132 nomen,

397 2137 440 2190 Ire
452 2137 552 2203 volunt,
565 2153 721 2203 omnemque
733 2137 804 2203 fugae
816 2137 929 2204 perferre
941 2136 1062 2187 laborem.

398 2207 468 2271 Quos
480 2206 563 2257 bonus
576 2205 671 2256 AEneas
685 2206 761 2256 dictis
774 2205 873 2256 solatur
885 2205 983 2272 amicis,

396 2275 433 2328 Et
445 2274 637 2341 consanguineo
650 2274 790 2326 lacrimans
803 2275 968 2325 commendat
980 2274 1089 2326 Acestae.

397 2344 460 2397 Tres
472 2344 551 2411 Eryci
563 2343 668 2409 vitulos,
681 2349 708 2395 et
720 2344 929 2411 Tempestatibus
942 2360 1046 2410 agnam,

398 2413 502 2465 Caedere
515 2413 609 2464 deinde
617 2413 703 2481 jubet,
716 2413 833 2480 solvique
845 2429 878 2463 ex
891 2413 981 2464 ordine
993 2412 1092 2463 funem.

398 2482 465 2550 Ipse,
478 2489 559 2550 caput
571 2488 653 2533 tonsae
665 2482 735 2534 foliis
747 2482 867 2533 evinctus
879 2481 962 2546 olivae,

398 2551 476 2604 Stans
488 2551 578 2631 procul
591 2551 619 2602 in
632 2568 709 2619 prora
721 2557 839 2619 pateram
851 2556 932 2617 tenet,
945 2555 1058 2617 extaque
1072 2549 1152 2601 salsos

397 2619 510 2672 Porriort
521 2620 549 2670 in
562 2619 667 2687 fluctus,
680 2637 710 2671 ao
723 2621 785 2672 vina
797 2619 926 2687 liquentia
937 2620 1034 2671 fundit.

394 2688 569 2757 Prosequitur
581 2707 690 2758 surgens
702 2707 719 2741 a
730 2689 814 2757 puppi
826 2694 921 2741 ventus
933 2694 1032 2740 euntes.

385 2759 597 2815 Certatimsocii
609 2760 713 2816 feriunt
724 2777 807 2830 mare,
818 2764 846 2813 et
856 2774 961 2828 aequora
970 2762 1087 2809 uerrunt.

402 2829 448 2886 At
465 2831 558 2888 Venus
570 2834 683 2893 interca
696 2835 863 2910 Neptunum
875 2827 993 2884 ererc'uu
1003 2826 1073 2878 eura
