<?xml version="1.0" encoding="UTF-8"?>
<!DOCTYPE html PUBLIC "-//W3C//DTD XHTML 1.0 Transitional//EN"
    "http://www.w3.org/TR/xhtml1/DTD/xhtml1-transitional.dtd">
<html xmlns="http://www.w3.org/1999/xhtml" xml:lang="en" lang="en">
 <head>
  <title>
</title>
<meta http-equiv="Content-Type" content="text/html;charset=utf-8" />
  <meta name='ocr-system' content='tesseract 3.04.00' />
  <meta name='ocr-capabilities' content='ocr_page ocr_carea ocr_par ocr_line ocrx_word'/>
</head>
<body>
  <div class='ocr_page' id='page_1' title='image "./operaomnia00virggoog/operaomnia00virggoog_0208.png"; bbox 0 0 2700 3242; ppageno 0'>
   <div class='ocr_carea' id='block_1_1' title="bbox 263 286 876 345">
    <p class='ocr_par' dir='ltr' id='par_1_1' title="bbox 263 286 876 345">
     <span class='ocr_line' id='line_1_1' title="bbox 263 286 876 345; baseline -0.005 -2"><span class='ocrx_word' id='word_1_1' title='bbox 263 294 315 345; x_wconf 71' lang='lat'>202</span> <span class='ocrx_word' id='word_1_2' title='bbox 491 289 520 343; x_wconf 87' lang='lat' dir='ltr'>P.</span> <span class='ocrx_word' id='word_1_3' title='bbox 539 287 695 342; x_wconf 80' lang='lat' dir='ltr'><strong>VIRGILII</strong></span> <span class='ocrx_word' id='word_1_4' title='bbox 712 286 876 342; x_wconf 81' lang='lat' dir='ltr'><strong>MARONIS</strong></span> 
     </span>
    </p>
   </div>
   <div class='ocr_carea' id='block_1_2' title="bbox 255 390 1042 2810">
    <p class='ocr_par' dir='ltr' id='par_1_2' title="bbox 263 390 942 462">
     <span class='ocr_line' id='line_1_2' title="bbox 263 390 942 462; baseline -0.001 -17"><span class='ocrx_word' id='word_1_5' title='bbox 263 393 410 461; x_wconf 87' lang='lat' dir='ltr'>Massylum</span> <span class='ocrx_word' id='word_1_6' title='bbox 422 397 521 461; x_wconf 82' lang='lat' dir='ltr'>gentes,</span> <span class='ocrx_word' id='word_1_7' title='bbox 533 397 714 462; x_wconf 84' lang='lat' dir='ltr'>praetentaque</span> <span class='ocrx_word' id='word_1_8' title='bbox 726 390 849 459; x_wconf 74' lang='lat' dir='ltr'><strong>Syrtibus</strong></span> <span class='ocrx_word' id='word_1_9' title='bbox 859 409 942 456; x_wconf 81' lang='lat' dir='ltr'>arva3</span> 
     </span>
    </p>

    <p class='ocr_par' dir='ltr' id='par_1_3' title="bbox 263 461 930 529">
     <span class='ocr_line' id='line_1_3' title="bbox 263 461 930 529; baseline -0.003 -13"><span class='ocrx_word' id='word_1_10' title='bbox 263 463 284 516; x_wconf 84' lang='lat' dir='ltr'><strong>J</strong></span> <span class='ocrx_word' id='word_1_11' title='bbox 284 480 327 515; x_wconf 89' lang='lat' dir='ltr'>am</span> <span class='ocrx_word' id='word_1_12' title='bbox 340 462 448 515; x_wconf 90' lang='lat' dir='ltr'>tandem</span> <span class='ocrx_word' id='word_1_13' title='bbox 461 462 547 517; x_wconf 85' lang='lat' dir='ltr'>Italiae</span> <span class='ocrx_word' id='word_1_14' title='bbox 559 462 687 528; x_wconf 79' lang='lat' dir='ltr'>fugientis</span> <span class='ocrx_word' id='word_1_15' title='bbox 699 461 852 529; x_wconf 77' lang='lat' dir='ltr'><strong>prendimus</strong></span> <span class='ocrx_word' id='word_1_16' title='bbox 865 478 930 514; x_wconf 85' lang='lat' dir='ltr'>oras.</span> 
     </span>
    </p>

    <p class='ocr_par' dir='ltr' id='par_1_4' title="bbox 263 530 859 599">
     <span class='ocr_line' id='line_1_4' title="bbox 263 530 859 599; baseline -0.005 -15"><span class='ocrx_word' id='word_1_17' title='bbox 263 532 323 584; x_wconf 86' lang='lat' dir='ltr'>Hac</span> <span class='ocrx_word' id='word_1_18' title='bbox 335 532 447 599; x_wconf 75' lang='lat' dir='ltr'>Trojano</span> <span class='ocrx_word' id='word_1_19' title='bbox 458 537 537 584; x_wconf 87' lang='lat' dir='ltr'>tenus</span> <span class='ocrx_word' id='word_1_20' title='bbox 548 531 631 582; x_wconf 78' lang='lat' dir='ltr'>fuerit</span> <span class='ocrx_word' id='word_1_21' title='bbox 642 530 750 582; x_wconf 87' lang='lat' dir='ltr'>fortuna</span> <span class='ocrx_word' id='word_1_22' title='bbox 762 535 859 582; x_wconf 77' lang='lat' dir='ltr'>secuta</span> 
     </span>
    </p>

    <p class='ocr_par' dir='ltr' id='par_1_5' title="bbox 263 599 1042 875">
     <span class='ocr_line' id='line_1_5' title="bbox 264 599 976 669; baseline -0.004 -16"><span class='ocrx_word' id='word_1_23' title='bbox 264 600 316 653; x_wconf 86' lang='lat' dir='ltr'>Vos</span> <span class='ocrx_word' id='word_1_24' title='bbox 329 618 432 669; x_wconf 90' lang='lat' dir='ltr'>quoque</span> <span class='ocrx_word' id='word_1_25' title='bbox 444 601 594 668; x_wconf 84' lang='lat' dir='ltr'>Pergameae</span> <span class='ocrx_word' id='word_1_26' title='bbox 602 601 660 667; x_wconf 86' lang='lat' dir='ltr'>jam</span> <span class='ocrx_word' id='word_1_27' title='bbox 671 600 712 651; x_wconf 90' lang='lat' dir='ltr'>fas</span> <span class='ocrx_word' id='word_1_28' title='bbox 725 605 765 650; x_wconf 89' lang='lat' dir='ltr'>est</span> <span class='ocrx_word' id='word_1_29' title='bbox 776 616 883 668; x_wconf 81' lang='lat' dir='ltr'>parcere</span> <span class='ocrx_word' id='word_1_30' title='bbox 894 599 976 666; x_wconf 83' lang='lat' dir='ltr'>genti,</span> 
     </span>
     <span class='ocr_line' id='line_1_6' title="bbox 263 667 1042 738; baseline -0.001 -16"><span class='ocrx_word' id='word_1_31' title='bbox 263 670 350 737; x_wconf 84' lang='lat' dir='ltr'>Dique</span> <span class='ocrx_word' id='word_1_32' title='bbox 363 669 469 738; x_wconf 83' lang='lat' dir='ltr'>deaeque</span> <span class='ocrx_word' id='word_1_33' title='bbox 481 686 577 734; x_wconf 88' lang='lat' dir='ltr'>omnes,</span> <span class='ocrx_word' id='word_1_34' title='bbox 591 669 686 737; x_wconf 90' lang='lat' dir='ltr'>quibus</span> <span class='ocrx_word' id='word_1_35' title='bbox 699 667 802 720; x_wconf 88' lang='lat' dir='ltr'>obstitit</span> <span class='ocrx_word' id='word_1_36' title='bbox 814 669 895 721; x_wconf 90' lang='lat' dir='ltr'>Ilium</span> <span class='ocrx_word' id='word_1_37' title='bbox 907 674 935 720; x_wconf 86' lang='lat' dir='ltr'>et</span> <span class='ocrx_word' id='word_1_38' title='bbox 946 669 1042 736; x_wconf 84' lang='lat' dir='ltr'>ingens</span> 
     </span>
     <span class='ocr_line' id='line_1_7' title="bbox 264 738 948 805; baseline -0.004 -13"><span class='ocrx_word' id='word_1_39' title='bbox 264 740 353 792; x_wconf 80' lang='lat' dir='ltr'>Gloria</span> <span class='ocrx_word' id='word_1_40' title='bbox 365 738 512 791; x_wconf 87' lang='lat' dir='ltr'>Dardaniae.</span> <span class='ocrx_word' id='word_1_41' title='bbox 548 739 649 805; x_wconf 77' lang='lat' dir='ltr'>Tuque,</span> <span class='ocrx_word' id='word_1_42' title='bbox 661 755 677 790; x_wconf 97' lang='lat' dir='ltr'>o</span> <span class='ocrx_word' id='word_1_43' title='bbox 690 738 855 790; x_wconf 82' lang='lat' dir='ltr'>sanctissima</span> <span class='ocrx_word' id='word_1_44' title='bbox 866 744 948 805; x_wconf 81' lang='lat' dir='ltr'>rates,</span> 
     </span>
     <span class='ocr_line' id='line_1_8' title="bbox 264 807 843 875; baseline -0.003 -15"><span class='ocrx_word' id='word_1_45' title='bbox 264 808 376 860; x_wconf 86' lang='lat' dir='ltr'>Praescia</span> <span class='ocrx_word' id='word_1_46' title='bbox 389 809 502 875; x_wconf 87' lang='lat' dir='ltr'>venturi,</span> <span class='ocrx_word' id='word_1_47' title='bbox 515 807 556 874; x_wconf 83' lang='lat' dir='ltr'>da,</span> <span class='ocrx_word' id='word_1_48' title='bbox 568 825 622 859; x_wconf 93' lang='lat' dir='ltr'>non</span> <span class='ocrx_word' id='word_1_49' title='bbox 633 807 753 858; x_wconf 86' lang='lat' dir='ltr'>indebita</span> <span class='ocrx_word' id='word_1_50' title='bbox 765 823 843 874; x_wconf 90' lang='lat' dir='ltr'>posco</span> 
     </span>
    </p>

    <p class='ocr_par' dir='ltr' id='par_1_6' title="bbox 263 876 904 1014">
     <span class='ocr_line' id='line_1_9' title="bbox 265 876 878 946; baseline -0.007 -16"><span class='ocrx_word' id='word_1_51' title='bbox 265 877 357 946; x_wconf 81' lang='lat' dir='ltr'>Regna</span> <span class='ocrx_word' id='word_1_52' title='bbox 368 878 433 929; x_wconf 89' lang='lat' dir='ltr'>meis</span> <span class='ocrx_word' id='word_1_53' title='bbox 445 878 515 944; x_wconf 84' lang='lat' dir='ltr'>latis,</span> <span class='ocrx_word' id='word_1_54' title='bbox 524 877 600 928; x_wconf 81' lang='lat' dir='ltr'>Latio</span> <span class='ocrx_word' id='word_1_55' title='bbox 613 876 746 928; x_wconf 88' lang='lat' dir='ltr'>considere</span> <span class='ocrx_word' id='word_1_56' title='bbox 759 877 878 942; x_wconf 77' lang='lat' dir='ltr'>Teucros,</span> 
     </span>
     <span class='ocr_line' id='line_1_10' title="bbox 263 945 904 1014; baseline -0.005 -15"><span class='ocrx_word' id='word_1_57' title='bbox 263 947 440 1014; x_wconf 77' lang='lat' dir='ltr'>Errantesque</span> <span class='ocrx_word' id='word_1_58' title='bbox 452 947 513 998; x_wconf 87' lang='lat' dir='ltr'>deos</span> <span class='ocrx_word' id='word_1_59' title='bbox 525 947 679 1013; x_wconf 81' lang='lat' dir='ltr'>agitataque</span> <span class='ocrx_word' id='word_1_60' title='bbox 690 946 802 996; x_wconf 89' lang='lat' dir='ltr'>numina</span> <span class='ocrx_word' id='word_1_61' title='bbox 813 945 904 1012; x_wconf 73' lang='lat' dir='ltr'>Trojae.</span> 
     </span>
    </p>

    <p class='ocr_par' dir='ltr' id='par_1_7' title="bbox 264 1014 1012 1151">
     <span class='ocr_line' id='line_1_11' title="bbox 264 1014 1012 1083; baseline 0 -16"><span class='ocrx_word' id='word_1_62' title='bbox 264 1016 331 1068; x_wconf 69' lang='lat' dir='ltr'>Tum</span> <span class='ocrx_word' id='word_1_63' title='bbox 344 1014 442 1067; x_wconf 90' lang='lat' dir='ltr'>Phoebo</span> <span class='ocrx_word' id='word_1_64' title='bbox 455 1022 482 1067; x_wconf 87' lang='lat' dir='ltr'>et</span> <span class='ocrx_word' id='word_1_65' title='bbox 494 1015 588 1067; x_wconf 76' lang='lat' dir='ltr'>Triviae</span> <span class='ocrx_word' id='word_1_66' title='bbox 602 1014 683 1067; x_wconf 88' lang='lat' dir='ltr'>solido</span> <span class='ocrx_word' id='word_1_67' title='bbox 696 1014 729 1066; x_wconf 90' lang='lat' dir='ltr'>de</span> <span class='ocrx_word' id='word_1_68' title='bbox 740 1031 869 1066; x_wconf 90' lang='lat' dir='ltr'>marmore</span> <span class='ocrx_word' id='word_1_69' title='bbox 881 1014 1012 1083; x_wconf 89' lang='lat' dir='ltr'>templum</span> 
     </span>
     <span class='ocr_line' id='line_1_12' title="bbox 265 1082 896 1151; baseline 0 -15"><span class='ocrx_word' id='word_1_70' title='bbox 265 1084 408 1136; x_wconf 86' lang='lat' dir='ltr'>Instituam</span> <span class='ocrx_word' id='word_1_71' title='bbox 420 1084 553 1151; x_wconf 84' lang='lat' dir='ltr'>festosque</span> <span class='ocrx_word' id='word_1_72' title='bbox 566 1085 621 1135; x_wconf 86' lang='lat' dir='ltr'>dies</span> <span class='ocrx_word' id='word_1_73' title='bbox 633 1084 666 1135; x_wconf 90' lang='lat' dir='ltr'>de</span> <span class='ocrx_word' id='word_1_74' title='bbox 678 1083 784 1135; x_wconf 91' lang='lat' dir='ltr'>nomine</span> <span class='ocrx_word' id='word_1_75' title='bbox 796 1082 896 1136; x_wconf 84' lang='lat' dir='ltr'>Phoebi.</span> 
     </span>
    </p>

    <p class='ocr_par' dir='ltr' id='par_1_8' title="bbox 264 1153 1032 1291">
     <span class='ocr_line' id='line_1_13' title="bbox 264 1153 1032 1222; baseline 0 -16"><span class='ocrx_word' id='word_1_76' title='bbox 264 1155 300 1206; x_wconf 78' lang='lat' dir='ltr'>Te</span> <span class='ocrx_word' id='word_1_77' title='bbox 314 1171 417 1221; x_wconf 91' lang='lat' dir='ltr'>quoque</span> <span class='ocrx_word' id='word_1_78' title='bbox 429 1171 527 1221; x_wconf 83' lang='lat' dir='ltr'>magna</span> <span class='ocrx_word' id='word_1_79' title='bbox 538 1159 648 1205; x_wconf 90' lang='lat' dir='ltr'>manent</span> <span class='ocrx_word' id='word_1_80' title='bbox 659 1153 748 1220; x_wconf 85' lang='lat' dir='ltr'>regnis</span> <span class='ocrx_word' id='word_1_81' title='bbox 760 1153 907 1222; x_wconf 85' lang='lat' dir='ltr'>penetralia</span> <span class='ocrx_word' id='word_1_82' title='bbox 918 1154 1015 1206; x_wconf 84' lang='lat' dir='ltr'>nostris</span> <span class='ocrx_word' id='word_1_83' title='bbox 1025 1173 1032 1218; x_wconf 91' lang='lat'>;</span> 
     </span>
     <span class='ocr_line' id='line_1_14' title="bbox 265 1223 907 1291; baseline -0.003 -17"><span class='ocrx_word' id='word_1_84' title='bbox 265 1223 318 1275; x_wconf 89' lang='lat' dir='ltr'>Hic</span> <span class='ocrx_word' id='word_1_85' title='bbox 330 1240 377 1290; x_wconf 84' lang='lat' dir='ltr'>ego</span> <span class='ocrx_word' id='word_1_86' title='bbox 390 1240 503 1291; x_wconf 87' lang='lat' dir='ltr'>namque</span> <span class='ocrx_word' id='word_1_87' title='bbox 515 1228 575 1274; x_wconf 86' lang='lat' dir='ltr'>tuas</span> <span class='ocrx_word' id='word_1_88' title='bbox 588 1228 668 1274; x_wconf 81' lang='lat' dir='ltr'>sortes</span> <span class='ocrx_word' id='word_1_89' title='bbox 681 1239 830 1289; x_wconf 86' lang='lat' dir='ltr'>arcanaque</span> <span class='ocrx_word' id='word_1_90' title='bbox 841 1223 907 1290; x_wconf 82' lang='lat' dir='ltr'>fata,</span> 
     </span>
    </p>

    <p class='ocr_par' dir='ltr' id='par_1_9' title="bbox 264 1291 901 1360">
     <span class='ocr_line' id='line_1_15' title="bbox 264 1291 901 1360; baseline -0.003 -16"><span class='ocrx_word' id='word_1_91' title='bbox 264 1292 345 1345; x_wconf 88' lang='lat' dir='ltr'>Dicta</span> <span class='ocrx_word' id='word_1_92' title='bbox 355 1309 419 1344; x_wconf 87' lang='lat' dir='ltr'>meae</span> <span class='ocrx_word' id='word_1_93' title='bbox 431 1292 513 1360; x_wconf 84' lang='lat' dir='ltr'>genti,</span> <span class='ocrx_word' id='word_1_94' title='bbox 526 1309 630 1360; x_wconf 85' lang='lat' dir='ltr'>ponam,</span> <span class='ocrx_word' id='word_1_95' title='bbox 642 1292 775 1359; x_wconf 87' lang='lat' dir='ltr'>lectosque</span> <span class='ocrx_word' id='word_1_96' title='bbox 788 1291 901 1358; x_wconf 85' lang='lat' dir='ltr'>sacrabo,</span> 
     </span>
    </p>

    <p class='ocr_par' dir='ltr' id='par_1_10' title="bbox 264 1361 972 1426">
     <span class='ocr_line' id='line_1_16' title="bbox 264 1361 972 1426; baseline 0.003 -15"><span class='ocrx_word' id='word_1_97' title='bbox 264 1361 350 1425; x_wconf 89' lang='lat' dir='ltr'>Alma,</span> <span class='ocrx_word' id='word_1_98' title='bbox 363 1362 438 1414; x_wconf 90' lang='lat' dir='ltr'>viros.</span> <span class='ocrx_word' id='word_1_99' title='bbox 468 1362 550 1413; x_wconf 83' lang='lat' dir='ltr'>Foliis</span> <span class='ocrx_word' id='word_1_100' title='bbox 563 1367 670 1412; x_wconf 89' lang='lat' dir='ltr'>tantum</span> <span class='ocrx_word' id='word_1_101' title='bbox 682 1378 716 1412; x_wconf 90' lang='lat' dir='ltr'>ne</span> <span class='ocrx_word' id='word_1_102' title='bbox 728 1361 846 1412; x_wconf 86' lang='lat' dir='ltr'>carmina</span> <span class='ocrx_word' id='word_1_103' title='bbox 856 1361 972 1426; x_wconf 83' lang='lat' dir='ltr'>manda3</span> 
     </span>
    </p>

    <p class='ocr_par' dir='ltr' id='par_1_11' title="bbox 265 1429 879 1498">
     <span class='ocr_line' id='line_1_17' title="bbox 265 1429 879 1498; baseline -0.002 -15"><span class='ocrx_word' id='word_1_104' title='bbox 265 1430 306 1483; x_wconf 83' lang='lat' dir='ltr'>Ne</span> <span class='ocrx_word' id='word_1_105' title='bbox 319 1431 427 1484; x_wconf 87' lang='lat' dir='ltr'>turbata</span> <span class='ocrx_word' id='word_1_106' title='bbox 437 1430 527 1484; x_wconf 81' lang='lat' dir='ltr'>volent</span> <span class='ocrx_word' id='word_1_107' title='bbox 538 1430 638 1498; x_wconf 89' lang='lat' dir='ltr'>rapidis</span> <span class='ocrx_word' id='word_1_108' title='bbox 650 1429 765 1481; x_wconf 85' lang='lat' dir='ltr'>ludibria</span> <span class='ocrx_word' id='word_1_109' title='bbox 776 1430 879 1482; x_wconf 86' lang='lat' dir='ltr'>ventis:</span> 
     </span>
    </p>

    <p class='ocr_par' dir='ltr' id='par_1_12' title="bbox 267 1496 923 1569">
     <span class='ocr_line' id='line_1_18' title="bbox 267 1496 923 1569; baseline -0.005 -17"><span class='ocrx_word' id='word_1_110' title='bbox 267 1502 329 1569; x_wconf 89' lang='lat' dir='ltr'>lpsa</span> <span class='ocrx_word' id='word_1_111' title='bbox 341 1517 426 1563; x_wconf 88' lang='lat' dir='ltr'>canas,</span> <span class='ocrx_word' id='word_1_112' title='bbox 440 1499 507 1553; x_wconf 88' lang='lat' dir='ltr'>oro.”</span> <span class='ocrx_word' id='word_1_113' title='bbox 543 1501 635 1552; x_wconf 83' lang='lat' dir='ltr'>Finem</span> <span class='ocrx_word' id='word_1_114' title='bbox 648 1499 722 1550; x_wconf 87' lang='lat' dir='ltr'>dedit</span> <span class='ocrx_word' id='word_1_115' title='bbox 734 1514 778 1548; x_wconf 87' lang='lat' dir='ltr'>ore</span> <span class='ocrx_word' id='word_1_116' title='bbox 790 1496 923 1564; x_wconf 88' lang='lat' dir='ltr'>loquendi.</span> 
     </span>
    </p>

    <p class='ocr_par' dir='ltr' id='par_1_13' title="bbox 266 1566 1033 2050">
     <span class='ocr_line' id='line_1_19' title="bbox 303 1566 963 1634; baseline 0 -16"><span class='ocrx_word' id='word_1_117' title='bbox 303 1569 340 1619; x_wconf 90' lang='lat' dir='ltr'>At</span> <span class='ocrx_word' id='word_1_118' title='bbox 352 1567 445 1619; x_wconf 88' lang='lat' dir='ltr'>Phoebi</span> <span class='ocrx_word' id='word_1_119' title='bbox 457 1567 575 1619; x_wconf 89' lang='lat' dir='ltr'>nondum</span> <span class='ocrx_word' id='word_1_120' title='bbox 587 1567 699 1634; x_wconf 86' lang='lat' dir='ltr'>patiens,</span> <span class='ocrx_word' id='word_1_121' title='bbox 710 1566 834 1617; x_wconf 89' lang='lat' dir='ltr'>immanis</span> <span class='ocrx_word' id='word_1_122' title='bbox 846 1567 874 1617; x_wconf 91' lang='lat' dir='ltr'>in</span> <span class='ocrx_word' id='word_1_123' title='bbox 886 1572 963 1619; x_wconf 85' lang='lat' dir='ltr'>antro</span> 
     </span>
     <span class='ocr_line' id='line_1_20' title="bbox 267 1635 894 1703; baseline 0 -15"><span class='ocrx_word' id='word_1_124' title='bbox 267 1635 416 1688; x_wconf 80' lang='lat' dir='ltr'>Bacchatur</span> <span class='ocrx_word' id='word_1_125' title='bbox 428 1643 509 1701; x_wconf 84' lang='lat' dir='ltr'>vates,</span> <span class='ocrx_word' id='word_1_126' title='bbox 521 1652 649 1703; x_wconf 83' lang='lat' dir='ltr'>magnum</span> <span class='ocrx_word' id='word_1_127' title='bbox 661 1635 683 1687; x_wconf 88' lang='lat' dir='ltr'>si</span> <span class='ocrx_word' id='word_1_128' title='bbox 696 1641 800 1703; x_wconf 88' lang='lat' dir='ltr'>pectore</span> <span class='ocrx_word' id='word_1_129' title='bbox 812 1636 894 1703; x_wconf 86' lang='lat' dir='ltr'>possit</span> 
     </span>
     <span class='ocr_line' id='line_1_21' title="bbox 266 1704 887 1772; baseline 0.002 -16"><span class='ocrx_word' id='word_1_130' title='bbox 266 1705 418 1757; x_wconf 83' lang='lat' dir='ltr'>Excussisse</span> <span class='ocrx_word' id='word_1_131' title='bbox 431 1705 526 1757; x_wconf 89' lang='lat' dir='ltr'>deum:</span> <span class='ocrx_word' id='word_1_132' title='bbox 545 1711 621 1757; x_wconf 84' lang='lat' dir='ltr'>tanto</span> <span class='ocrx_word' id='word_1_133' title='bbox 632 1705 717 1771; x_wconf 88' lang='lat' dir='ltr'>magis</span> <span class='ocrx_word' id='word_1_134' title='bbox 729 1704 776 1755; x_wconf 92' lang='lat' dir='ltr'>ille</span> <span class='ocrx_word' id='word_1_135' title='bbox 788 1705 887 1772; x_wconf 80' lang='lat' dir='ltr'>fatigat</span> 
     </span>
     <span class='ocr_line' id='line_1_22' title="bbox 267 1773 1033 1842; baseline 0.001 -16"><span class='ocrx_word' id='word_1_136' title='bbox 267 1775 302 1826; x_wconf 88' lang='lat' dir='ltr'>Os</span> <span class='ocrx_word' id='word_1_137' title='bbox 313 1775 442 1841; x_wconf 87' lang='lat' dir='ltr'>rabidum,</span> <span class='ocrx_word' id='word_1_138' title='bbox 454 1775 511 1826; x_wconf 83' lang='lat' dir='ltr'>fera</span> <span class='ocrx_word' id='word_1_139' title='bbox 523 1775 600 1826; x_wconf 88' lang='lat' dir='ltr'>corda</span> <span class='ocrx_word' id='word_1_140' title='bbox 613 1774 729 1841; x_wconf 86' lang='lat' dir='ltr'>domans,</span> <span class='ocrx_word' id='word_1_141' title='bbox 741 1774 871 1842; x_wconf 82' lang='lat' dir='ltr'>fingitque</span> <span class='ocrx_word' id='word_1_142' title='bbox 884 1773 1033 1842; x_wconf 87' lang='lat' dir='ltr'>promendo.</span> 
     </span>
     <span class='ocr_line' id='line_1_23' title="bbox 267 1843 936 1911; baseline -0.001 -15"><span class='ocrx_word' id='word_1_143' title='bbox 267 1843 341 1896; x_wconf 81' lang='lat' dir='ltr'>Ostia</span> <span class='ocrx_word' id='word_1_144' title='bbox 349 1846 458 1911; x_wconf 86' lang='lat' dir='ltr'>jamque</span> <span class='ocrx_word' id='word_1_145' title='bbox 470 1843 562 1895; x_wconf 90' lang='lat' dir='ltr'>domus</span> <span class='ocrx_word' id='word_1_146' title='bbox 574 1850 684 1911; x_wconf 86' lang='lat' dir='ltr'>patuere</span> <span class='ocrx_word' id='word_1_147' title='bbox 696 1844 816 1910; x_wconf 87' lang='lat' dir='ltr'>ingentia</span> <span class='ocrx_word' id='word_1_148' title='bbox 828 1851 936 1895; x_wconf 88' lang='lat' dir='ltr'>centum</span> 
     </span>
     <span class='ocr_line' id='line_1_24' title="bbox 267 1912 969 1981; baseline 0.003 -17"><span class='ocrx_word' id='word_1_149' title='bbox 267 1912 366 1981; x_wconf 83' lang='lat' dir='ltr'>Sponte</span> <span class='ocrx_word' id='word_1_150' title='bbox 379 1931 434 1980; x_wconf 88' lang='lat' dir='ltr'>sua,</span> <span class='ocrx_word' id='word_1_151' title='bbox 447 1913 567 1980; x_wconf 85' lang='lat' dir='ltr'>vatisque</span> <span class='ocrx_word' id='word_1_152' title='bbox 579 1913 669 1964; x_wconf 83' lang='lat' dir='ltr'>ferunt</span> <span class='ocrx_word' id='word_1_153' title='bbox 681 1930 805 1980; x_wconf 85' lang='lat' dir='ltr'>responsa</span> <span class='ocrx_word' id='word_1_154' title='bbox 816 1930 863 1980; x_wconf 89' lang='lat' dir='ltr'>per</span> <span class='ocrx_word' id='word_1_155' title='bbox 875 1930 969 1966; x_wconf 84' lang='lat' dir='ltr'>euros:</span> 
     </span>
     <span class='ocr_line' id='line_1_25' title="bbox 267 1982 916 2050; baseline 0.003 -16"><span class='ocrx_word' id='word_1_156' title='bbox 267 1983 314 2034; x_wconf 84' lang='lat'>“0</span> <span class='ocrx_word' id='word_1_157' title='bbox 327 1983 435 2036; x_wconf 86' lang='lat' dir='ltr'>tandem</span> <span class='ocrx_word' id='word_1_158' title='bbox 446 1982 549 2050; x_wconf 82' lang='lat' dir='ltr'>magnis</span> <span class='ocrx_word' id='word_1_159' title='bbox 561 1982 649 2050; x_wconf 83' lang='lat' dir='ltr'>pelagi</span> <span class='ocrx_word' id='word_1_160' title='bbox 661 1982 786 2034; x_wconf 80' lang='lat' dir='ltr'>defuncte</span> <span class='ocrx_word' id='word_1_161' title='bbox 798 1983 916 2049; x_wconf 87' lang='lat' dir='ltr'>periclis!</span> 
     </span>
    </p>

    <p class='ocr_par' dir='ltr' id='par_1_14' title="bbox 266 2047 1023 2463">
     <span class='ocr_line' id='line_1_26' title="bbox 266 2047 930 2116; baseline 0.003 -16"><span class='ocrx_word' id='word_1_162' title='bbox 266 2047 317 2100; x_wconf 84' lang='lat' dir='ltr'>Sed</span> <span class='ocrx_word' id='word_1_163' title='bbox 330 2055 401 2100; x_wconf 86' lang='lat' dir='ltr'>terra</span> <span class='ocrx_word' id='word_1_164' title='bbox 413 2049 533 2116; x_wconf 85' lang='lat' dir='ltr'>graviora</span> <span class='ocrx_word' id='word_1_165' title='bbox 545 2052 661 2100; x_wconf 89' lang='lat' dir='ltr'>manent.</span> <span class='ocrx_word' id='word_1_166' title='bbox 694 2048 727 2099; x_wconf 92' lang='lat' dir='ltr'>In</span> <span class='ocrx_word' id='word_1_167' title='bbox 739 2065 821 2115; x_wconf 84' lang='lat' dir='ltr'>regna</span> <span class='ocrx_word' id='word_1_168' title='bbox 834 2049 930 2102; x_wconf 81' lang='lat' dir='ltr'>Larini</span> 
     </span>
     <span class='ocr_line' id='line_1_27' title="bbox 266 2117 1023 2186; baseline 0.003 -17"><span class='ocrx_word' id='word_1_169' title='bbox 266 2117 426 2169; x_wconf 85' lang='lat' dir='ltr'>Dardanidae</span> <span class='ocrx_word' id='word_1_170' title='bbox 440 2118 564 2180; x_wconf 83' lang='lat' dir='ltr'>venient;</span> <span class='ocrx_word' id='word_1_171' title='bbox 581 2117 660 2170; x_wconf 87' lang='lat' dir='ltr'>mitte</span> <span class='ocrx_word' id='word_1_172' title='bbox 672 2118 742 2170; x_wconf 91' lang='lat' dir='ltr'>hanc</span> <span class='ocrx_word' id='word_1_173' title='bbox 754 2118 786 2168; x_wconf 89' lang='lat' dir='ltr'>de</span> <span class='ocrx_word' id='word_1_174' title='bbox 799 2124 904 2186; x_wconf 86' lang='lat' dir='ltr'>pectore</span> <span class='ocrx_word' id='word_1_175' title='bbox 917 2136 1023 2183; x_wconf 86' lang='lat' dir='ltr'>curam;</span> 
     </span>
     <span class='ocr_line' id='line_1_28' title="bbox 267 2186 965 2256; baseline 0.001 -18"><span class='ocrx_word' id='word_1_176' title='bbox 267 2186 318 2238; x_wconf 83' lang='lat' dir='ltr'>Sed</span> <span class='ocrx_word' id='word_1_177' title='bbox 330 2205 382 2238; x_wconf 92' lang='lat' dir='ltr'>non</span> <span class='ocrx_word' id='word_1_178' title='bbox 395 2191 422 2238; x_wconf 85' lang='lat' dir='ltr'>et</span> <span class='ocrx_word' id='word_1_179' title='bbox 435 2187 536 2239; x_wconf 87' lang='lat' dir='ltr'>venisse</span> <span class='ocrx_word' id='word_1_180' title='bbox 548 2186 644 2239; x_wconf 85' lang='lat' dir='ltr'>volent.</span> <span class='ocrx_word' id='word_1_181' title='bbox 675 2187 758 2253; x_wconf 89' lang='lat' dir='ltr'>Bella,</span> <span class='ocrx_word' id='word_1_182' title='bbox 771 2187 876 2239; x_wconf 87' lang='lat' dir='ltr'>horrida</span> <span class='ocrx_word' id='word_1_183' title='bbox 888 2188 965 2256; x_wconf 75' lang='lat' dir='ltr'>bella,</span> 
     </span>
     <span class='ocr_line' id='line_1_29' title="bbox 266 2255 956 2324; baseline 0.007 -18"><span class='ocrx_word' id='word_1_184' title='bbox 266 2255 302 2308; x_wconf 85' lang='lat' dir='ltr'>Et</span> <span class='ocrx_word' id='word_1_185' title='bbox 314 2256 440 2324; x_wconf 78' lang='lat' dir='ltr'>Thybrim</span> <span class='ocrx_word' id='word_1_186' title='bbox 452 2256 537 2307; x_wconf 91' lang='lat' dir='ltr'>multo</span> <span class='ocrx_word' id='word_1_187' title='bbox 551 2262 719 2324; x_wconf 87' lang='lat' dir='ltr'>spumantem</span> <span class='ocrx_word' id='word_1_188' title='bbox 731 2257 860 2323; x_wconf 86' lang='lat' dir='ltr'>sanguine</span> <span class='ocrx_word' id='word_1_189' title='bbox 872 2275 956 2311; x_wconf 87' lang='lat' dir='ltr'>cerno.</span> 
     </span>
     <span class='ocr_line' id='line_1_30' title="bbox 266 2325 968 2392; baseline 0.004 -15"><span class='ocrx_word' id='word_1_190' title='bbox 266 2325 327 2378; x_wconf 90' lang='lat' dir='ltr'>Non</span> <span class='ocrx_word' id='word_1_191' title='bbox 340 2325 434 2378; x_wconf 87' lang='lat' dir='ltr'>Simois</span> <span class='ocrx_word' id='word_1_192' title='bbox 447 2325 496 2377; x_wconf 90' lang='lat' dir='ltr'>tibi</span> <span class='ocrx_word' id='word_1_193' title='bbox 508 2342 557 2376; x_wconf 88' lang='lat' dir='ltr'>nee</span> <span class='ocrx_word' id='word_1_194' title='bbox 569 2325 700 2392; x_wconf 85' lang='lat' dir='ltr'>Xanthus,</span> <span class='ocrx_word' id='word_1_195' title='bbox 713 2342 762 2377; x_wconf 90' lang='lat' dir='ltr'>nec</span> <span class='ocrx_word' id='word_1_196' title='bbox 774 2326 869 2378; x_wconf 89' lang='lat' dir='ltr'>Dorica</span> <span class='ocrx_word' id='word_1_197' title='bbox 881 2334 968 2380; x_wconf 85' lang='lat' dir='ltr'>castra</span> 
     </span>
     <span class='ocr_line' id='line_1_31' title="bbox 266 2394 904 2463; baseline 0.003 -17"><span class='ocrx_word' id='word_1_198' title='bbox 266 2394 422 2447; x_wconf 86' lang='lat' dir='ltr'>Defuerint:</span> <span class='ocrx_word' id='word_1_199' title='bbox 440 2395 508 2446; x_wconf 91' lang='lat' dir='ltr'>alius</span> <span class='ocrx_word' id='word_1_200' title='bbox 521 2395 596 2447; x_wconf 81' lang='lat' dir='ltr'>Latio</span> <span class='ocrx_word' id='word_1_201' title='bbox 605 2395 663 2461; x_wconf 87' lang='lat' dir='ltr'>jam</span> <span class='ocrx_word' id='word_1_202' title='bbox 675 2402 768 2463; x_wconf 85' lang='lat' dir='ltr'>pertus</span> <span class='ocrx_word' id='word_1_203' title='bbox 780 2395 904 2462; x_wconf 82' lang='lat' dir='ltr'>Achilles,</span> 
     </span>
    </p>

    <p class='ocr_par' dir='ltr' id='par_1_15' title="bbox 255 2463 1009 2810">
     <span class='ocr_line' id='line_1_32' title="bbox 268 2463 915 2517; baseline 0.003 -2"><span class='ocrx_word' id='word_1_204' title='bbox 268 2463 354 2516; x_wconf 70' lang='lat' dir='ltr'>llatus</span> <span class='ocrx_word' id='word_1_205' title='bbox 366 2470 393 2516; x_wconf 85' lang='lat' dir='ltr'>et</span> <span class='ocrx_word' id='word_1_206' title='bbox 405 2463 415 2514; x_wconf 93' lang='lat' dir='ltr'>i</span> <span class='ocrx_word' id='word_1_207' title='bbox 434 2481 460 2515; x_wconf 87' lang='lat' dir='ltr'>se</span> <span class='ocrx_word' id='word_1_208' title='bbox 473 2464 538 2516; x_wconf 86' lang='lat' dir='ltr'>dea:</span> <span class='ocrx_word' id='word_1_209' title='bbox 557 2481 606 2515; x_wconf 87' lang='lat' dir='ltr'>nee</span> <span class='ocrx_word' id='word_1_210' title='bbox 618 2465 725 2516; x_wconf 78' lang='lat' dir='ltr'>Teucris</span> <span class='ocrx_word' id='word_1_211' title='bbox 737 2464 830 2515; x_wconf 90' lang='lat' dir='ltr'>addita</span> <span class='ocrx_word' id='word_1_212' title='bbox 841 2464 915 2517; x_wconf 83' lang='lat' dir='ltr'>Juno</span> 
     </span>
     <span class='ocr_line' id='line_1_33' title="bbox 266 2482 1009 2602; baseline 0 -18"><span class='ocrx_word' id='word_1_213' title='bbox 266 2532 385 2600; x_wconf 88' lang='lat' dir='ltr'>Usquam</span> <span class='ocrx_word' id='word_1_214' title='bbox 398 2482 488 2585; x_wconf 66' lang='lat' dir='ltr'>aherit.</span> <span class='ocrx_word' id='word_1_215' title='bbox 520 2533 608 2596; x_wconf 82' lang='lat' dir='ltr'>Quum</span> <span class='ocrx_word' id='word_1_216' title='bbox 621 2539 652 2584; x_wconf 83' lang='lat' dir='ltr'>tu</span> <span class='ocrx_word' id='word_1_217' title='bbox 665 2534 778 2601; x_wconf 86' lang='lat' dir='ltr'>supplex</span> <span class='ocrx_word' id='word_1_218' title='bbox 789 2535 818 2584; x_wconf 91' lang='lat' dir='ltr'>in</span> <span class='ocrx_word' id='word_1_219' title='bbox 830 2533 907 2586; x_wconf 89' lang='lat' dir='ltr'>rebus</span> <span class='ocrx_word' id='word_1_220' title='bbox 920 2534 1009 2602; x_wconf 79' lang='lat' dir='ltr'>egenis</span> 
     </span>
     <span class='ocr_line' id='line_1_34' title="bbox 267 2601 983 2669; baseline 0 -15"><span class='ocrx_word' id='word_1_221' title='bbox 267 2601 337 2665; x_wconf 81' lang='lat' dir='ltr'>Quas</span> <span class='ocrx_word' id='word_1_222' title='bbox 350 2608 441 2669; x_wconf 86' lang='lat' dir='ltr'>gentes</span> <span class='ocrx_word' id='word_1_223' title='bbox 451 2601 551 2654; x_wconf 88' lang='lat' dir='ltr'>Italum</span> <span class='ocrx_word' id='word_1_224' title='bbox 564 2609 610 2654; x_wconf 90' lang='lat' dir='ltr'>aut</span> <span class='ocrx_word' id='word_1_225' title='bbox 624 2619 688 2669; x_wconf 90' lang='lat' dir='ltr'>quas</span> <span class='ocrx_word' id='word_1_226' title='bbox 701 2620 754 2654; x_wconf 92' lang='lat' dir='ltr'>non</span> <span class='ocrx_word' id='word_1_227' title='bbox 766 2603 879 2654; x_wconf 82' lang='lat' dir='ltr'>oraveris</span> <span class='ocrx_word' id='word_1_228' title='bbox 891 2603 983 2655; x_wconf 89' lang='lat' dir='ltr'>urbes!</span> 
     </span>
     <span class='ocr_line' id='line_1_35' title="bbox 266 2671 976 2740; baseline 0.003 -18"><span class='ocrx_word' id='word_1_229' title='bbox 266 2671 351 2722; x_wconf 82' lang='lat' dir='ltr'>Causa</span> <span class='ocrx_word' id='word_1_230' title='bbox 362 2671 427 2722; x_wconf 85' lang='lat' dir='ltr'>mali</span> <span class='ocrx_word' id='word_1_231' title='bbox 439 2672 509 2723; x_wconf 86' lang='lat' dir='ltr'>tanti</span> <span class='ocrx_word' id='word_1_232' title='bbox 522 2674 619 2738; x_wconf 87' lang='lat' dir='ltr'>conjux</span> <span class='ocrx_word' id='word_1_233' title='bbox 632 2672 730 2723; x_wconf 88' lang='lat' dir='ltr'>iterum</span> <span class='ocrx_word' id='word_1_234' title='bbox 742 2672 849 2740; x_wconf 89' lang='lat' dir='ltr'>hospita</span> <span class='ocrx_word' id='word_1_235' title='bbox 861 2673 976 2733; x_wconf 73' lang='lat' dir='ltr'>Teucris,</span> 
     </span>
     <span class='ocr_line' id='line_1_36' title="bbox 255 2738 671 2810; baseline 0.007 -19"><span class='ocrx_word' id='word_1_236' title='bbox 255 2738 427 2810; x_wconf 75' lang='lat' dir='ltr'>Brtemique</span> <span class='ocrx_word' id='word_1_237' title='bbox 437 2740 537 2796; x_wconf 88' lang='lat' dir='ltr'>iterum</span> <span class='ocrx_word' id='word_1_238' title='bbox 552 2741 671 2796; x_wconf 89' lang='lat' dir='ltr'>thalami.</span> 
     </span>
    </p>
   </div>
   <div class='ocr_carea' id='block_1_3' title="bbox 242 2805 923 2885">
    <p class='ocr_par' dir='ltr' id='par_1_16' title="bbox 242 2805 923 2885">
     <span class='ocr_line' id='line_1_37' title="bbox 242 2805 923 2885; baseline 0.006 -26"><span class='ocrx_word' id='word_1_239' title='bbox 242 2805 286 2862; x_wconf 67' lang='lat' dir='ltr'>Pu</span> <span class='ocrx_word' id='word_1_240' title='bbox 295 2827 334 2864; x_wconf 85' lang='lat' dir='ltr'>ne</span> <span class='ocrx_word' id='word_1_241' title='bbox 346 2811 413 2868; x_wconf 80' lang='lat' dir='ltr'>cede</span> <span class='ocrx_word' id='word_1_242' title='bbox 425 2814 508 2871; x_wconf 83' lang='lat' dir='ltr'>malis</span> <span class='ocrx_word' id='word_1_243' title='bbox 517 2837 527 2885; x_wconf 89' lang='lat'>‚·</span> <span class='ocrx_word' id='word_1_244' title='bbox 547 2815 594 2873; x_wconf 86' lang='lat' dir='ltr'>sed</span> <span class='ocrx_word' id='word_1_245' title='bbox 609 2821 707 2872; x_wconf 83' lang='lat' dir='ltr'>contra</span> <span class='ocrx_word' id='word_1_246' title='bbox 719 2811 860 2869; x_wconf 73' lang='lat' dir='ltr'>audentior</span> <span class='ocrx_word' id='word_1_247' title='bbox 870 2810 923 2876; x_wconf 65' lang='lat' dir='ltr'>tre,</span> 
     </span>
    </p>
   </div>
   <div class='ocr_carea' id='block_1_4' title="bbox 0 0 1357 3242">
    <p class='ocr_par' dir='ltr' id='par_1_17' title="bbox 0 0 1357 3242">
     <span class='ocr_line' id='line_1_38' title="bbox 0 0 1357 3242; baseline 0 0"><span class='ocrx_word' id='word_1_248' title='bbox 0 0 1357 3242; x_wconf 95' lang='lat' dir='ltr'> </span> 
     </span>
    </p>
   </div>
  </div>
 </body>
</html>
