2700 3242
267 323 285 376 4
506 323 535 378 P.
547 320 702 377 VIRGILII
722 324 884 392 MARONIS

270 417 402 486 Thestylis
414 423 441 472 et
452 420 544 488 rapido
556 420 629 472 fessis
640 421 796 473 messoribus
808 429 874 475 aestu
1086 431 1118 478 lo

270 489 342 542 Allia
355 489 550 557 serpyllumque
561 489 654 541 herbas
667 491 807 543 contundit
820 492 935 546 olentes:

270 559 309 610 At
319 575 424 611 mecum
435 559 529 625 raucis,
542 564 590 610 tua
603 559 666 610 dum
680 561 791 626 vestigia
803 561 892 630 lustro,

271 626 331 680 Sole
343 629 391 680 sub
403 627 507 681 ardenti
519 634 642 679 resonant
654 628 761 680 arbusta
773 630 877 683 cicadis.

270 694 365 749 Nonne
377 698 431 750 fuit
443 697 532 764 satius,
545 698 632 748 tristes
645 698 816 764 Amaryllidis
829 700 880 751 iras

270 767 359 835 Atque
372 766 484 835 superba
495 767 552 835 pati
564 766 671 818 fastidia
681 766 691 818 t
709 783 796 819 nonne
808 767 947 820 Menalcan
957 769 968 822 l

272 835 398 899 Quamvis
410 836 455 887 ille
467 834 548 903 niger,
561 836 681 903 quamvis
694 841 725 887 tu
737 837 864 888 candidus
877 855 950 891 esses.

272 904 294 958 0
306 905 416 956 formose
428 921 500 973 puer,
513 905 625 956 nimium
637 921 670 956 ne
684 905 759 956 crode
773 906 851 956 colori
863 909 868 959 i

270 974 340 1027 Alba
352 974 464 1041 ligustra
476 974 583 1040 cadunt,
595 974 715 1026 vaccinia
726 975 803 1041 nigra
815 975 948 1042 leguntur.

270 1041 416 1111 Despectus
428 1043 477 1094 tibi
490 1060 555 1110 sum,
567 1060 616 1095 neo
634 1043 680 1111 qui
693 1043 742 1094 sim
762 1045 864 1110 quaeris,
877 1045 954 1097 Alexi
967 1065 973 1110 ;

271 1112 358 1176 Quam
370 1113 442 1164 dives
453 1112 560 1193 pecoris,
572 1112 644 1164 nivei
656 1129 737 1180 quam
749 1112 825 1164 lactis
838 1115 982 1168 abundans.
1084 1120 1117 1166 20

270 1179 346 1234 Mille
358 1199 422 1233 mea
433 1181 528 1234 Srculis
540 1187 628 1233 errant
640 1182 669 1233 in
681 1183 815 1233 montibus
828 1200 903 1250 agnae
915 1204 922 1248 ;

269 1248 323 1303 Lac
335 1251 401 1302 mihi
413 1268 467 1302 non
479 1256 569 1303 aestate
581 1268 687 1317 novum,
699 1268 753 1302 non
764 1252 860 1319 frigore
873 1254 944 1307 defit.

271 1319 362 1387 Canto,
374 1338 433 1390 quae
446 1321 546 1388 solitus,
560 1321 580 1373 si
594 1321 699 1389 quando
712 1329 831 1374 armenta
843 1324 960 1391 vocabat,

269 1388 403 1458 Amphion
415 1391 532 1443 Dircaeus
545 1391 573 1442 in
586 1391 675 1443 Actaeo
688 1390 848 1458 Aracyntho,

268 1457 325 1511 Neo
338 1476 396 1511 sum
407 1460 472 1512 adeo
484 1460 619 1523 informis;
637 1477 721 1527 nuper
733 1477 775 1511 me
788 1461 816 1510 in
828 1461 904 1513 litore
916 1462 977 1527 ridi,

270 1527 359 1591 Quum
371 1529 505 1597 placidum
517 1529 603 1581 ventis
616 1534 698 1579 staret
709 1545 796 1590 mare;
814 1546 866 1580 non
879 1548 927 1597 ego
939 1530 1074 1598 Daphnin,

268 1595 368 1650 Judice
380 1603 414 1664 to,
427 1603 552 1664 metuam,
565 1597 587 1648 si
599 1614 737 1664 nunquam
749 1597 827 1648 fallat
839 1598 933 1665 image.

270 1666 292 1719 0
305 1672 412 1719 tantum
424 1667 505 1719 libeat
516 1683 620 1718 mecum
632 1667 682 1717 tibi
695 1665 799 1717 sordida
810 1683 874 1719 rura

269 1736 359 1804 Atque
370 1736 483 1788 humiles
496 1736 615 1787 habitare
628 1752 708 1802 casas,
721 1741 748 1787 ct
761 1735 839 1802 ligere
852 1753 947 1803 cervos,

269 1803 466 1873 Haedorumque
477 1821 584 1873 gregem
595 1804 674 1857 viridi
687 1805 841 1873 compellere
853 1805 966 1859 hibisco!
1081 1811 1115 1857 30

268 1873 375 1927 Mecum
386 1892 441 1927 una
452 1876 480 1927 in
493 1874 565 1926 silvrs
577 1873 713 1925 rmrtabere
725 1873 799 1925 Pana
811 1874 928 1926 canendo
935 1893 943 1939 ;

270 1942 327 1997 Pan
338 1945 439 2014 primus
452 1944 564 1996 calamos
577 1960 636 1995 cera
648 1945 806 2011 conjungere
818 1943 906 2012 plures

269 2012 392 2066 Instituit
402 2034 409 2079 ;
428 2014 485 2066 Pan
498 2017 574 2064 curat
586 2029 646 2065 oves
658 2013 799 2080 oviumque
811 2014 958 2080 magistros.

268 2081 295 2136 N
295 2100 324 2136 ec
336 2089 363 2136 to
375 2083 503 2152 poeniteat
515 2081 615 2134 calamo
628 2082 732 2133 trivisse
744 2082 886 2135 labcllum:

268 2150 335 2205 Haec
347 2153 438 2205 oadem
449 2157 481 2204 ut
494 2152 578 2218 sciret,
591 2151 656 2218 quid
668 2168 722 2202 non
734 2151 847 2204 faciebat
860 2153 989 2220 Amyntas
1001 2152 1010 2205 l

269 2221 316 2274 Est
327 2222 394 2274 mihi
406 2220 554 2290 disparibus
567 2225 666 2288 septem
680 2227 816 2288 compacta
828 2221 922 2273 cicutis

270 2290 378 2358 Fistula,
390 2292 524 2344 Damoetas
537 2289 604 2341 dono
615 2290 682 2340 mihi
695 2307 774 2358 quam
787 2290 861 2343 dedit
873 2291 943 2358 olim,

269 2359 304 2413 Et
316 2360 385 2412 dixit
397 2360 525 2412 moriens:
543 2361 552 2389 ‘
559 2360 595 2413 'Pe
607 2377 680 2413 nuno
692 2361 773 2414 habet
785 2362 836 2414 ista
849 2364 1009 2415 secundum?

267 2429 344 2483 Dixit
356 2429 505 2482 Damoetas:
524 2428 621 2481 invidit
633 2427 731 2480 stultus
743 2427 879 2494 Amyntas.

268 2496 399 2552 Praeterea
411 2499 462 2550 duo
475 2515 523 2550 nec
535 2503 596 2550 tuta
606 2497 673 2548 mihi
686 2496 754 2549 valle
766 2498 863 2566 reperti
1079 2502 1113 2548 40

268 2567 394 2636 Capreoli,
407 2568 501 2649 sparsis
514 2568 594 2619 etiam
606 2583 679 2618 nunc
690 2566 803 2635 pellibus
815 2567 881 2632 albo,

266 2636 336 2690 Bina
348 2638 390 2689 die
403 2643 502 2688 siccant
514 2637 569 2688 ovis
581 2637 676 2699 ubera3
695 2652 759 2703 quos
772 2636 819 2687 tibi
833 2652 911 2687 servo.

252 2705 324 2752 fiam
329 2707 441 2766 pridem
452 2723 470 2757 a
482 2723 526 2756 me
535 2705 596 2757 illos
608 2705 737 2756 abducere
750 2703 880 2770 Thestylis
893 2710 950 2756 orat
960 2723 967 2769 ;

231 2759 277 2808 Et
285 2767 379 2832 aceres
394 2774 528 2834 quomam
541 2775 653 2829 sordent
666 2775 718 2830 tibi
731 2791 844 2829 munera
855 2781 955 2828 nostra

246 2836 286 2870 ve
293 2830 371 2896 ades
387 2851 406 2885 0
417 2840 542 2900 rbrmose
550 2863 644 2916 puer:
665 2848 719 2904 tibi
732 2847 796 2904 lilla
807 2847 907 2922 plenis·
