2700 3242
267 298 319 349 346
499 297 528 348 Ρ.
541 294 696 349 VIRGILII
713 294 875 350 MARONIS

268 401 384 455 Sublatis
395 401 497 470 aperire
509 402 590 467 dolis;
609 401 689 455 simul
700 402 749 455 hoc
761 403 850 455 animo
861 401 947 456 hauri.

267 471 313 524 Me
324 476 416 523 natam
427 471 497 523 nulli
508 477 627 524 veterum
640 472 737 524 sociare
749 488 887 540 procorum

268 539 320 592 Fas
333 545 396 606 erat,
409 540 489 608 idque
501 557 590 593 omnes
602 540 709 609 dirique
720 541 891 608 hominesque
903 539 1039 594 conabant

268 607 363 661 Victus
375 626 462 662 amore
474 610 523 676 tui,
536 615 647 677 cognato
659 610 788 676 sanguine
799 610 886 662 rictus

269 677 394 747 Conjugis
406 683 433 731 et
444 685 542 730 moeetae
555 678 676 745 lacrimis,
685 678 773 731 vincla
785 679 873 731 omnia
884 678 959 759 rupi:

269 745 428 799 Promissam
439 748 524 816 eripui
536 764 646 814 genero;
664 764 738 799 arma
749 747 832 816 impia
844 765 932 800 sumen

268 814 312 867 Ex
323 815 369 868 illo
381 816 427 883 qui
439 833 481 868 me
493 833 575 883 casus,
588 833 654 884 quae,
664 816 758 883 Turne,
771 822 916 885 sequantur

269 884 353 952 Bella,
365 884 456 951 rides;
475 891 587 952 quantos
600 885 701 953 primus
712 885 814 953 patiare
826 885 933 938 labores

269 952 315 1006 Bis
327 971 424 1021 magna
435 955 500 1008 vieti
512 971 603 1022 pugna
615 955 662 1006 rix
674 953 738 1006 urbe
750 959 857 1006 tuemur

270 1022 334 1091 Spes
347 1023 447 1087 Italas3
464 1023 582 1076 recalent
592 1028 682 1076 nostro
694 1023 817 1075 Tiberina
828 1023 930 1075 fluenta

270 1090 404 1160 Sanguine
415 1092 509 1160 adhuc,
522 1092 659 1160 campique
670 1092 791 1160 ingentes
803 1092 903 1144 ossibus
914 1091 1012 1146 albent.

271 1160 328 1223 Quo
340 1161 436 1213 referor
447 1160 542 1215 totiesl
561 1178 619 1229 quae
631 1168 748 1214 mentem
759 1160 862 1213 insania
873 1161 977 1214 mutati

271 1229 299 1281 si
312 1229 400 1282 Turno
412 1231 543 1283 exstincto
555 1231 636 1283 socios
648 1247 707 1282 sum
718 1230 818 1282 adscire
830 1235 955 1298 paratus:

271 1298 323 1350 (lur
334 1315 387 1351 non
399 1299 525 1351 incolumi
537 1299 624 1367 potius
637 1299 781 1352 certamina
792 1298 873 1352 tolloi

272 1367 341 1430 Quid
353 1368 541 1436 consanguinei
553 1367 656 1435 Rutuli,
669 1367 733 1436 quid
745 1374 832 1420 cetera
844 1367 916 1420 dicet

271 1435 358 1503 Italia,
371 1437 404 1489 ad
416 1443 527 1490 mortem
539 1437 561 1489 si
573 1436 699 1489 te-Fors
711 1437 783 1489 dicta
794 1437 893 1490 refutet
901 1438 944 1489 1-

271 1505 441 1573 Prodiderim,
453 1512 545 1559 uatem
557 1512 584 1558 et
596 1505 727 1558 connubia
738 1511 828 1558 nostra
838 1505 990 1574 petenteml

272 1574 381 1644 Respice
392 1592 433 1627 res
445 1575 512 1627 bello
524 1576 627 1640 varias3
644 1575 766 1626 miserere
778 1575 895 1642 parentis

271 1643 403 1710 Longaevi,
415 1662 493 1712 quem
504 1661 576 1697 nunc
588 1650 710 1697 maestum
722 1645 809 1722 petria
820 1643 908 1696 Ardea
918 1644 997 1712 longe

273 1711 403 1763 Dividit.'’
438 1711 652 1776 Haudquaquam
665 1711 743 1761 dictrs
755 1712 881 1763 violentia
893 1712 976 1764 Turni

272 1775 415 1829 Flectitur:
433 1782 573 1844 exsuperat
585 1777 676 1844 magis,
690 1778 860 1845 aegrescitque
872 1780 1008 1834 medendo.

272 1845 309 1896 Ut
321 1846 435 1912 primum
446 1845 497 1896 fari
509 1847 604 1914 potuit,
617 1847 653 1898 sic
665 1846 764 1898 institit
776 1864 834 1899 ore:

274 1912 289 1940 “
299 1912 385 1976 Quam
398 1926 446 1978 pro
459 1928 502 1963 me
514 1928 607 1965 curam
619 1918 695 1980 geris,
708 1916 777 1968 hanc
789 1931 885 1982 precor,
899 1915 1004 1983 optime,
1018 1935 1065 1986 pro

271 1983 401 2053 Deponas,
413 1986 548 2056 letumque
561 1989 629 2041 sinas
642 2005 689 2057 pro
701 1988 780 2041 laude
791 1988 895 2056 pacisci.

272 2053 308 2105 Ilt
319 2072 366 2105 nos
378 2056 438 2123 tela,
452 2063 533 2124 pater,
545 2058 697 2126 ferrumque
708 2058 781 2110 haud
793 2058 878 2110 debile
891 2058 985 2110 dextre

272 2121 430 2192 Spargimur,
443 2133 471 2177 et
482 2131 569 2178 nestro
582 2128 701 2194 sequitur
712 2127 745 2178 de
757 2127 865 2180 vulnere
877 2127 991 2195 sanguis.

271 2190 360 2258 Longe
372 2193 411 2244 illi
424 2194 473 2246 dea
485 2201 569 2247 mater
581 2197 638 2263 erit,
652 2213 711 2263 quae
723 2195 793 2247 nube
804 2196 927 2262 fugacem

271 2259 395 2313 Feminea
407 2267 487 2330 tegat,
501 2270 527 2316 et
540 2265 614 2317 vanis
626 2282 681 2316 sese
693 2265 797 2316 occulat
808 2264 930 2317 umbris.”

306 2331 342 2381 At
354 2332 452 2398 regina,
465 2350 533 2384 nova
544 2351 641 2401 pugnae
653 2335 796 2386 conterrita
808 2340 883 2400 sorte,

270 2396 371 2464 Flebat,
385 2405 411 2451 et
423 2400 559 2452 ardentem
571 2420 697 2468 generum
709 2403 837 2455 moritura
849 2402 973 2455 tenebat:

271 2468 286 2492 “
296 2466 393 2527 Turne,
406 2486 452 2531 per
465 2470 512 2521 has
525 2487 572 2534 ego
585 2477 612 2522 te
624 2470 752 2536 lacrimas,
764 2488 811 2538 per
823 2472 844 2521 si
857 2473 915 2536 quis
927 2473 1032 2524 Amatae

270 2529 368 2596 Tangit
380 2531 461 2582 honos
473 2534 684 2601 animum—spes
697 2541 728 2586 tu
739 2553 811 2588 nunc
823 2554 883 2604 una,
897 2547 1009 2592 senectae

270 2597 310 2649 Tu
321 2600 423 2666 requies
435 2600 536 2652 miserae
547 2621 554 2664 3
573 2602 652 2654 decus
664 2603 856 2673 imperiumque
868 2607 957 2658 Latini

267 2666 304 2720 Te
312 2684 414 2738 penes;
432 2669 460 2720 in
473 2674 500 2721 te
512 2671 596 2721 omnis
609 2671 700 2723 domus
712 2673 840 2725 inclinata
852 2677 1019 2729 recumbit-

259 2738 353 2796 Unum
367 2759 429 2798 oro:
448 2741 547 2799 desiste
558 2760 671 2798 manum
682 2743 840 2795 committere
852 2744 966 2800 Teucris.

244 2813 301 2883 Qui
314 2820 481 2894 tecumque
495 2822 616 2876 manent
626 2817 681 2874 isto
694 2812 837 2869 certamine
847 2829 933 2879 casus,
