2700 3242
502 302 667 355 AENEIDOS
685 303 751 356 LIB.
771 303 849 357 VIII.
1047 306 1098 357 2¹13

251 406 407 473 Confugere,
420 411 448 456 et
459 405 547 468 Turni,
553 405 688 458 defendier
699 405 809 475 hospitis
821 407 907 458 armis.

251 475 325 542 Ergo
337 475 421 526 omnis
433 475 509 526 furiis
522 475 636 526 surrexit
648 474 757 527 Etruria
765 475 846 543 justis
858 494 865 539 ;

253 544 354 611 Regem
367 543 401 596 ad
413 543 572 612 supplicium
584 545 707 612 prasenti
719 544 806 596 Marte
817 551 964 612 reposcunt.

253 613 305 665 His
317 630 365 680 ego
377 618 411 678 te,
424 613 514 679 Ainea,
527 613 662 664 ductorem
674 614 791 664 millibus
803 613 907 666 addam.

252 681 319 735 Toto
331 698 445 749 namque
457 682 574 734 fremunt
586 683 723 733 condensae
735 682 811 734 litore
823 698 931 750 puppes,

252 750 387 819 Signaque
398 751 466 802 ferre
473 750 570 818 jubent
581 770 587 813 ;
605 751 702 803 retinet
714 751 849 818 longevus
862 752 994 819 haruspex

252 819 322 872 Fata
333 837 445 872 canens:
464 820 486 872 Ο
499 820 619 872 Maeoniae
632 821 734 871 delecta
742 823 878 888 juventus,

252 888 315 940 Flos
327 895 446 941 veterum
458 889 593 957 virtusque
605 891 699 955 virum,
713 907 776 956 quos
785 892 874 957 justus
886 890 914 940 in
926 889 1028 942 hostem
1046 892 1098 944 500

252 957 317 1010 Fert
329 959 408 1024 dolor,
421 964 448 1010 et
459 959 555 1009 merita
567 959 688 1010 accendit
700 957 847 1010 Mezentius
859 960 906 1026 ira,

252 1025 330 1079 Nulli
341 1028 381 1080 fas
394 1027 462 1079 Italo
475 1035 578 1079 tantam
590 1027 748 1096 subjungere
759 1036 866 1095 gentem
878 1046 884 1081 τ

251 1095 383 1148 Externos
395 1103 485 1165 optate
497 1097 582 1150 duces.
618 1097 686 1148 Tum
698 1097 810 1149 Etrusca
821 1098 919 1151 resedit

253 1164 314 1218 Hoc
325 1167 394 1218 acies
406 1183 506 1234 campo,
518 1166 625 1217 monitis
638 1167 766 1218 exterrita
778 1166 877 1219 divum.

253 1233 314 1302 Ipse
326 1240 439 1287 oratores
451 1235 485 1287 ad
497 1252 540 1286 me
551 1235 678 1304 regnique
690 1252 812 1287 eoronam

252 1302 320 1355 Cum
332 1309 434 1372 sceptro
445 1304 526 1370 misit,
537 1305 699 1373 mandatque
710 1304 826 1372 insignia
837 1304 964 1371 Tarchon,

252 1372 398 1425 Succedam
410 1374 509 1441 castris,
521 1373 708 1442 Tyrrhenaque
720 1391 802 1440 regua
814 1390 954 1442 capessam.

252 1441 305 1494 Sed
317 1442 383 1494 mihi
395 1443 472 1494 tarda
484 1443 546 1511 gelu
558 1443 693 1510 saeclisque
705 1442 784 1494 effeta
795 1450 915 1494 senectus

252 1511 360 1564 Invidet
371 1512 518 1580 imperium,
531 1529 644 1580 seraeque
656 1512 691 1564 ad
702 1512 783 1563 fortia
794 1513 868 1565 vires.

251 1579 354 1633 Natum
366 1581 678 1647 exhortarer,nimixtus
690 1587 775 1633 matre
787 1581 891 1634 Sabella
1046 1585 1096 1634 510

253 1648 326 1702 Hinc
338 1657 440 1718 partem
452 1651 544 1719 patriae
556 1651 679 1703 traheret.
715 1651 762 1718 Tu,
775 1653 851 1719 cujus
863 1658 890 1702 et
902 1651 978 1704 anuis

250 1717 288 1771 Iit
300 1719 389 1786 generi
400 1720 458 1771 fata
469 1719 616 1788 indulgent,
630 1737 708 1786 quem
719 1721 830 1772 numina
842 1732 960 1788 poscunt,

252 1787 401 1856 Ingredere,
413 1805 429 1840 o
440 1789 569 1840 Teucrum
581 1796 662 1857 atque
674 1788 775 1840 Italum
786 1790 927 1843 fortissime
940 1794 1039 1844 ductor.

251 1855 334 1908 Hune
346 1857 395 1908 tibi
440 1863 540 1923 aeterea,
553 1875 610 1926 spes
623 1864 650 1909 et
662 1858 756 1910 solatia
767 1859 859 1924 nostri,

250 1924 376 1978 Pallanta
387 1874 531 1994 adiungam
543 1945 550 1989 ;
568 1925 617 1978 sub
628 1933 656 1978 te
668 1928 778 1979 tolerare
789 1929 915 1994 magistro

250 1995 380 2047 Militiam
392 2001 419 2047 et
430 2013 511 2063 grave
523 1995 618 2047 Martis
630 2013 703 2064 opus,
716 2003 764 2048 tua
776 2013 880 2049 cernere
891 1997 963 2048 sacta

250 2064 399 2130 Assueseat,
412 2065 503 2132 primis
515 2070 542 2116 et
554 2071 581 2116 te
593 2065 705 2117 miretur
716 2065 749 2117 ab
761 2066 844 2118 annis.

250 2133 369 2185 Arcadas
380 2133 443 2185 huic
455 2133 556 2201 equites
568 2133 608 2185 bis
621 2141 736 2198 centum,
748 2135 840 2186 robora
852 2133 929 2203 pubis

250 2202 339 2269 Lecta,
352 2201 436 2266 dabo;
454 2202 617 2269 totidemque
630 2220 676 2255 suo
688 2203 739 2256 tibi
751 2204 856 2256 nomine
869 2199 975 2262 Pallas?

287 2271 341 2324 Vix
353 2288 384 2323 ea
396 2271 468 2323 fatus
480 2279 556 2336 erat;
574 2272 706 2341 defixique
718 2289 763 2324 ora
774 2273 901 2325 tenebant
1046 2273 1095 2326 520

250 2341 348 2394 AEneas
360 2341 533 2393 Anchisiades
546 2348 573 2394 et
585 2341 653 2393 fidus
665 2342 788 2409 Achates,

251 2410 391 2478 Multaque
402 2410 470 2462 dura
482 2427 528 2462 suo
540 2411 611 2462 tristi
623 2428 685 2462 cum
697 2412 774 2463 corde
785 2411 917 2480 putabant
929 2430 935 2465 τ

250 2480 288 2532 Ni
300 2479 405 2547 signum
418 2479 482 2531 coelo
494 2479 623 2546 Cytherea
635 2480 750 2532 dedisset
762 2487 858 2548 aperto.

250 2548 372 2617 Namque
384 2549 523 2617 improviso
536 2549 654 2601 vibratus
666 2548 700 2601 ab
712 2550 808 2601 aethere
820 2550 908 2616 fulgor

251 2617 320 2670 (lum
331 2618 419 2670 sonitu
431 2619 512 2682 venit,
525 2623 552 2669 et
564 2635 639 2670 ruere
652 2618 740 2670 omnia
752 2619 808 2670 visa
819 2624 935 2738 repente,

251 2686 453 2755 Tyrrhenusque
465 2687 537 2738 tubae
548 2688 651 2754 mugire
663 2705 710 2756 per
722 2687 820 2739 athera
831 2705 845 2738 c
856 2703 944 2754 angor.

251 2755 424 2824 Suspiciunt:
441 2755 538 2807 iterum
550 2762 631 2824 atque
643 2756 743 2810 iterum
753 2758 844 2827 hagor
854 2755 1105 2827 inerepat'xngens,

247 2826 329 2876 Arma
337 2824 517 2878 sarram
531 2825 592 2882 coeli
605 2827 633 2883 in
646 2829 762 2903 regione
773 2847 873 2886 serena
