2700 3242
292 277 326 330 24
521 275 550 329 P.
564 273 721 331 VIRGILII
739 278 866 330 MAltON
871 279 903 331 IS

290 377 450 433 “Montibus
461 381 518 434 hoec
530 383 622 435 vestris
632 402 640 447 ;
658 384 706 436 soli
718 389 825 436 cantare
836 385 916 452 periti
1063 425 1065 427 .

292 454 413 508 Arcades.
443 456 465 508 Ο
477 455 548 507 mihi
556 459 615 507 tum
627 471 707 523 quam
718 454 833 506 molliter
844 472 902 508 ossa
914 453 1058 524 quiescant,

293 523 387 576 Vestra
397 541 468 576 meos
480 524 543 576 olim
556 525 577 576 si
589 524 680 576 fistula
692 524 764 576 dicat
776 541 876 585 amores
886 528 892 577 1

291 593 379 661 Atque
390 594 494 646 utinam
506 611 540 645 ex
551 592 623 647 vobis
635 610 713 658 unus,
726 594 857 660 vestrique
869 593 977 645 fuissem

290 661 346 714 Aut
358 667 444 714 custos
456 663 550 730 gregis,
562 668 610 715 aut
621 668 733 714 maturae
746 662 844 714 vinitor
856 679 914 714 uvae
926 664 931 715 !

290 731 366 783 Certe
378 731 432 784 sive
443 731 510 783 mihi
521 731 632 799 Phyllis,
645 731 699 783 sive
712 736 779 783 esset
790 732 928 799 Amyntas,

289 799 342 852 Seu
354 801 512 868 quicumque
524 801 604 868 furor,
619 800 695 868 (quid
708 807 774 866 tum,
787 800 810 851 si
821 801 910 852 fuscus
922 799 1072 869 Amyntas‘l

289 868 325 921 Et
337 869 419 936 nigrae
431 870 506 922 riolae
519 875 589 936 sun't,
601 876 628 921 et
640 869 758 923 vaccinia
769 869 857 936 nigra)

288 936 396 990 Mecum
407 939 477 990 iuter
489 939 578 990 salices
590 939 663 990 lenta
675 937 724 989 sub
736 939 790 990 vite
798 941 916 1005 jaceret3
1101 942 1137 992 40

288 1006 364 1060 Serta
375 1007 441 1058 mihi
454 1007 555 1075 Phyllis
567 1006 672 1074 legeret,
686 1012 804 1059 cantaret
816 1007 953 1074 Amyntas.

290 1075 342 1128 Hic
354 1076 436 1144 gelidi
447 1077 541 1143 fontes,
553 1077 596 1128 hic
608 1077 699 1128 mollia
711 1083 794 1143 prata,
808 1077 908 1143 Lycori,

289 1144 342 1198 Hic
353 1163 446 1197 nemus
456 1164 463 1209 ;
481 1145 525 1197 hic
537 1145 593 1214 ipso
606 1151 694 1197 tecum
707 1162 871 1196 consumerer
883 1163 945 1198 avc.

287 1213 367 1267 Nunc
378 1215 486 1267 insanus
498 1232 570 1266 amor
582 1215 642 1266 duri
654 1232 696 1266 me
708 1213 803 1266 Martis
815 1215 844 1265 in
855 1215 934 1266 armis

288 1282 351 1336 'Pela
362 1284 531 1336 intermedia
542 1290 623 1350 atque
635 1284 757 1336 adversos
769 1284 871 1336 detinet
883 1284 985 1336 hostes:

287 1351 328 1404 Tu
340 1353 432 1421 procul
444 1370 460 1405 a
471 1354 558 1422 patria
571 1353 630 1423 (nec
643 1354 678 1405 sit
689 1353 757 1404 mihi
769 1352 872 1405 credere
884 1360 990 1406 tantum
1002 1356 1020 1422 1)

289 1421 406 1490 Alpinas,
419 1423 454 1474 ah
466 1423 549 1475 dura!
568 1423 642 1475 nives
654 1428 682 1474 et
694 1423 791 1489 frigora
803 1422 891 1474 Rheni

288 1489 332 1543 Me
344 1491 399 1543 sine
412 1492 466 1544 sola
478 1491 557 1544 rides.
587 1492 631 1543 Ah
643 1497 670 1544 te
682 1509 716 1543 ne
727 1492 826 1559 frigora
838 1492 953 1544 laedant!

287 1559 330 1611 Ah
341 1559 392 1612 tibi
403 1577 437 1612 ne
449 1566 551 1612 teneras
563 1560 660 1628 glacies
673 1567 742 1612 secet
754 1578 846 1628 aspera
858 1561 962 1629 plantas
974 1565 979 1612 !

227 1659 232 1665 ·
288 1627 341 1696 Ibo,
354 1634 388 1694 et,
401 1628 549 1681 Chalcidico
562 1646 620 1697 quae
634 1635 696 1681 sunt
707 1630 774 1680 mihi
786 1631 892 1683 condita
904 1648 981 1684 versu
1097 1636 1132 1683 50

285 1696 414 1764 Carmina,
427 1699 538 1766 pastoris
551 1698 633 1751 Siculi
645 1698 800 1750 modulabor
811 1717 901 1752 avena

286 1766 394 1819 Certum
406 1767 486 1819 estin
498 1767 578 1833 silvis,
590 1767 660 1819 inter
673 1768 768 1836 spelaea
779 1769 901 1834 ferarum,

285 1835 367 1889 Malle
379 1837 443 1905 pati,
456 1837 603 1904 tenerisque
614 1854 685 1888 meos
697 1837 811 1888 incidere
823 1854 923 1889 amores

285 1904 428 1958 Arboribus
438 1924 445 1969 ;
463 1913 579 1959 crescent
591 1906 651 1970 illae,
664 1907 792 1972 crescetis,
804 1924 910 1960 amores.

285 1972 390 2027 Interea
401 1975 492 2027 mixtis
505 1975 621 2027 lustrabo
633 1975 750 2027 Maenala
762 1976 900 2043 Nymphis,

284 2043 340 2096 Aut
352 2061 423 2096 acres
435 2044 548 2098 venabor
560 2062 650 2112 apros;
668 2062 721 2096 nou
733 2063 775 2096 me
787 2045 843 2096 ulla
855 2045 984 2098 vetabunt

284 2111 393 2181 Frigora
405 2113 559 2165 Parthenios
572 2113 681 2165 canibus
693 2114 854 2165 circumdare
867 2115 956 2167 saltus.

283 2181 303 2234 J
304 2199 347 2234 am
358 2182 424 2234 mihi
437 2201 484 2250 per
495 2200 572 2250 rupes
585 2183 674 2234 videor
686 2183 809 2250 lucosque
822 2190 944 2235 sonantes

283 2250 343 2314 Ire;
361 2251 426 2304 libet
439 2251 537 2304 Partho
549 2258 669 2319 torquere
682 2252 799 2319 Cydonia
811 2269 891 2303 cornu

282 2319 407 2388 Spicula5
425 2328 561 2388 tamquam
573 2321 629 2372 haec
643 2322 696 2373 sint
708 2321 790 2372 nostri
802 2321 933 2374 medicina
944 2322 1046 2389 furoris,
1095 2328 1129 2376 60

282 2388 339 2442 Aut
351 2390 415 2442 deus
426 2390 472 2442 ille
483 2390 560 2443 malis
572 2390 709 2442 hominum
721 2390 856 2442 mitescere
869 2391 960 2443 discat.

283 2457 346 2510 -Jam
357 2476 442 2526 neque
455 2459 653 2527 Hamadryades
665 2477 770 2511 rursum
782 2476 830 2511 nec
843 2461 959 2512 carmina
970 2461 1045 2513 nobis

282 2525 344 2594 Ipsa
356 2528 462 2595 placent
472 2547 479 2591 ;
497 2529 560 2596 ipsae
572 2546 678 2580 rursum
690 2528 824 2580 concedite
838 2529 919 2583 silvae.

281 2595 341 2647 Non
353 2597 430 2647 illum
441 2598 524 2648 nostri
536 2603 645 2665 possunt
656 2604 760 2650 mutare
772 2597 880 2664 labores,

281 2664 307 2716 N
308 2683 337 2717 ec
350 2666 371 2717 si
383 2666 523 2733 frigoribus
535 2666 628 2718 mediis
642 2666 813 2733 Hebrrunque
825 2667 952 2730 bibamus,

261 2730 459 2798 &thorusque
468 2735 547 2788 niues
556 2735 654 2790 hiemis
666 2735 807 2790 subeamus
819 2753 930 2806 aquosa,

242 2786 307 2836 ‘⁴4²⁰
314 2796 348 2858 ’ζ
362 2813 450 2861 quum
461 2805 587 2860 moriens
599 2807 658 2864 alta
671 2808 741 2864 liber
754 2814 813 2864 aret
825 2808 857 2862 in
867 2807 952 2871 ulmo,
