2700 3242
520 303 691 358 mumoos
708 289 776 360 nm.
794 305 826 360 v.
1048 308 1091 355 ror

239 404 396 474 Progenies,
408 410 521 458 auctura
533 406 614 458 Italos
625 425 632 470 ;
650 423 730 474 quem
741 407 868 459 Thracius
880 405 947 459 albis

246 473 341 527 Portet
353 492 436 542 equus
449 475 547 526 bicolor
558 476 676 542 maculis,
690 477 802 543 vestigia
814 477 893 544 primi

245 543 316 596 Alba
327 545 401 613 pedis
413 545 579 613 frontemque
591 552 725 596 ostentans
738 546 836 597 arduus
848 546 942 597 albam.

245 613 322 665 Alter
334 614 409 682 Atys,
422 631 505 681 genus
518 615 589 665 unde
601 615 658 666 Atii
671 615 770 666 duxere
783 615 880 681 Latini,

245 682 349 734 Parvus
360 684 435 751 Atys,
448 700 581 752 pueroque
593 701 658 752 puer
670 684 781 735 dilectus
797 684 862 735 lulo.

244 751 397 819 Extremus,
409 753 546 820 formaque
558 758 620 804 ante
633 770 722 804 omnes
735 753 852 820 pulcher,
866 753 942 804 Iulus
1042 755 1091 804 57(Ι

245 821 354 873 Sidonio
366 828 406 872 est
418 822 539 873 invectus
552 838 625 889 equo,
638 839 717 889 quem
730 822 844 873 candida
856 822 925 873 Dido

244 890 309 942 Esse
323 891 363 942 sui
375 891 484 942 dederat
496 898 698 942 monumentum
711 898 738 942 et
750 892 847 959 pignus
859 892 954 943 amoris
966 909 974 946 t

245 960 340 1011 Cetera
351 960 492 1012 Trinacriis
505 960 587 1028 pubes
600 961 708 1012 senioris
720 961 822 1012 Acesta

245 1027 344 1080 Fertur
356 1030 437 1097 equis.

244 1097 394 1166 Excipiunt
405 1099 501 1167 plausu
513 1098 629 1166 pavidos,
642 1098 812 1166 gaudentque
824 1104 930 1150 tuentes

243 1166 423 1232 Dardanidae3
441 1175 611 1236 veterumque
624 1176 770 1235 agnoscunt
782 1185 827 1219 ora
839 1175 988 1235 parentum.

244 1236 389 1305 Postquam
401 1254 505 1289 omnem
517 1237 572 1289 laeti
585 1254 733 1288 consessum
746 1237 887 1304 oculosque
900 1254 1005 1288 suorum

244 1305 403 1358 Lustravere
415 1306 443 1358 in
456 1307 546 1374 equis:
565 1307 670 1374 signum
683 1306 796 1358 clamore
808 1306 907 1373 paratis

243 1374 267 1426 E
286 1375 374 1442 ytides
387 1375 464 1443 longe
477 1376 557 1442 dedit,
570 1376 740 1443 insonuitque
752 1375 864 1443 flagello.

245 1393 299 1496 Olli
312 1444 457 1496 discurrere
469 1462 552 1512 pares,
565 1451 645 1512 atque
657 1446 765 1513 agmina
776 1445 846 1496 torni
1041 1447 1092 1495 580

243 1511 368 1566 Diductis
381 1514 479 1566 solvere
492 1514 583 1581 choris,
596 1532 738 1582 rursusque
750 1514 838 1566 vocati

244 1582 402 1636 Convertere
414 1584 477 1649 vias,
490 1583 639 1650 infestaque
652 1584 705 1636 tela
717 1584 809 1635 tulere.

244 1651 312 1703 inde
324 1652 389 1704 alios
401 1653 496 1704 ineunt
509 1670 598 1704 cursus
611 1653 727 1720 aliosque
739 1670 859 1704 recursus

244 1721 370 1774 Adversis
383 1723 482 1790 spatiis,
495 1721 655 1790 alternisque
667 1722 773 1774 orbibus
785 1721 858 1774 orbes

244 1791 410 1859 Impediunt,
422 1807 569 1860 pugnaeque
582 1792 653 1844 cient
666 1792 806 1843 simulacra
819 1789 867 1842 sub
879 1791 975 1843 armis:

243 1860 280 1912 Et
292 1877 364 1912 nunc
377 1867 452 1928 terga
463 1861 528 1928 fuga
540 1861 644 1912 nudant
654 1880 662 1926 ;
681 1879 752 1913 nunc
765 1861 867 1928 spicula
879 1867 988 1912 vertunt

244 1929 365 1994 Infensi3
383 1931 454 1982 facta
466 1931 566 1998 pariter
577 1947 649 1982 nunc
662 1948 726 1998 pace
739 1931 868 1982 feruntur.

244 1998 283 2051 Ut
295 1999 429 2066 quondam
443 2000 520 2052 Creta
531 2000 616 2051 fertur
629 1999 809 2067 Labyrinthus
821 1999 850 2050 in
862 2000 919 2051 alta

242 2068 395 2120 Parietibus
407 2074 512 2120 textum
525 2068 600 2120 caecis
612 2069 670 2135 iter,
684 2069 879 2137 ancipitemque

242 2137 321 2190 Mille
333 2138 383 2189 viis
395 2138 517 2190 habuisse
530 2138 627 2203 dolum,
641 2156 693 2206 qua
706 2138 781 2204 signa
793 2137 919 2206 sequendi
1041 2139 1092 2186 500

243 2206 360 2259 Falleret
372 2207 546 2276 indeprensus
559 2214 585 2259 et
598 2207 769 2260 irremeabilis
782 2225 859 2260 error.

243 2276 327 2328 Haud
339 2276 391 2328 alio
404 2277 535 2328 Teucrum
547 2277 605 2328 nati
617 2278 730 2344 vestigia
743 2294 821 2328 cursu

243 2345 286 2397 Im
321 2345 406 2413 diunt,
420 2352 568 2414 texuntque
580 2346 658 2413 fugas
671 2353 698 2398 et
710 2346 803 2414 proclia
815 2346 895 2410 ludo;

242 2413 284 2467 De
295 2415 409 2484 phinum
421 2415 525 2479 similes,
539 2415 585 2483 qui
598 2433 644 2484 per
655 2417 740 2468 maria
751 2415 862 2466 humida
874 2413 962 2466 nando

243 2483 418 2552 Carpathium
431 2485 611 2555 Libycumque
624 2492 714 2537 secant
727 2485 887 2553 [luduntque
900 2501 946 2551 per
958 2482 1063 2549 undas]

243 2553 326 2605 Hunc
337 2570 444 2621 morem,
456 2554 504 2606 hos
517 2571 614 2619 cursus,
627 2560 708 2622 atque
721 2555 777 2605 haeo
790 2554 934 2604 cortamina
946 2553 1046 2621 primus

242 2623 381 2690 Ascanius,
394 2623 512 2691 Longam
523 2624 605 2674 muris
618 2640 702 2691 quum
714 2624 831 2689 cingeret
844 2623 947 2689 Albam,

244 2692 357 2760 Retulit,
370 2699 397 2745 et
410 2692 508 2761 priscos
520 2692 610 2744 docuit
623 2691 753 2744 celebrare
766 2692 884 2760 Latinos,

243 2762 303 2826 Quo
314 2778 382 2829 puer
392 2761 449 2829 ipse
458 2761 542 2829 modo,
555 2779 645 2816 secum
659 2781 713 2836 quo
725 2763 809 2819 'lro‘ia
820 2763 920 2836 pubes.

235 2829 337 2880 Albani
345 2829 458 2886 docuere
467 2847 532 2888 suos
538 2851 549 2901 ,·
567 2832 635 2896 hino
647 2838 781 2897 maxima
790 2856 877 2916 porro
1083 2825 1142 2876 iffi
