2700 3242
271 313 324 366 412
499 308 529 361 P.
542 306 697 360 VIRGILII
716 303 878 358 MARONIS

275 412 367 465 Victor
378 411 459 478 adest,
470 409 562 478 magni
572 425 700 477 magnum
711 408 792 460 decus
803 424 865 488 ecee
873 405 1011 476 triumphi,

310 483 408 547 Victor,
420 497 473 548 qua
485 487 568 546 temae,
581 495 685 546 quaque
696 482 790 546 patent
800 493 901 541 mana3

275 551 391 604 Horrida
401 549 542 602 barbaricae
554 554 662 616 portans
673 547 789 615 insignia
801 562 905 614 pugnae,

310 620 424 687 Magnus
435 624 468 671 ut
480 618 595 683 OElnidea
607 623 691 686 utque
703 616 828 685 superbus
840 615 931 683 Eryx;

275 688 331 741 Nec
341 690 430 740 minus
441 688 537 740 idcirco
549 692 649 740 nostms
662 702 812 755 expromere
824 692 918 738 cantus

310 758 452 824 Maximus,
464 763 492 808 et
504 762 606 808 sanctos
619 757 716 824 dignus
727 755 794 807 inire
806 755 903 807 choros.

276 826 334 880 Hoc
345 828 435 894 itaque
446 826 556 878 insuetis
564 827 651 894 jactor
661 825 753 893 magis,
766 825 871 892 optime,
883 824 953 876 curis
960 842 1004 890 3-

312 896 382 960 Quid
393 895 573 966 detepossim
585 895 703 962 scribere,
716 894 812 962 quidve
823 894 880 946 tibi
1083 897 1115 946 10

275 965 404 1033 Namque,
416 964 518 1016 fatebor
529 965 607 1032 enim,
620 980 677 1032 qua
689 963 806 1016 maxima
817 962 966 1015 deterrendi

310 1033 416 1100 Debuit,
428 1033 551 1086 hortandi
562 1035 680 1086 maxima
691 1050 770 1085 causa
780 1033 841 1085 fuit.

275 1103 364 1155 Pauca
375 1109 424 1156 tua
434 1103 464 1154 iu
475 1108 576 1155 nostras
588 1108 718 1157 venerunt
729 1103 846 1154 carmina
857 1101 969 1169 chartas,

311 1172 433 1225 Carmina
444 1189 505 1224 cum
515 1172 615 1241 lingua,
628 1179 687 1224 tum
699 1172 752 1224 sale
764 1172 885 1239 Cecropio
895 1189 903 1235 ;

276 1242 405 1309 Carmina,
419 1259 477 1309 quae
490 1242 604 1310 Pylium,
617 1243 700 1294 saeclis
712 1245 820 1309 accepta
831 1240 937 1307 futuris,

311 1311 440 1378 Carmina,
453 1328 511 1380 quae
523 1311 631 1380 Pylium
642 1313 746 1366 vincere
758 1311 839 1378 digna
851 1327 945 1363 senem

275 1379 394 1433 Molliter
405 1380 449 1432 hic
460 1381 539 1433 viridi
550 1381 651 1450 patula
663 1381 713 1433 sub
724 1381 840 1448 tegmine
852 1397 963 1450 quercus

310 1450 401 1502 Moeris
412 1455 528 1519 pastores
540 1458 567 1503 et
578 1451 717 1503 Meliboeus
728 1456 819 1514 erant;

275 1518 371 1571 Dulcia
379 1522 511 1588 jactantes
523 1520 624 1573 alterno
636 1521 753 1573 carmina
764 1537 848 1586 versu,

312 1589 406 1652 Qualia
418 1589 556 1642 Trinacriae
569 1591 661 1642 doctus
673 1595 746 1642 amat
754 1590 867 1657 juvenis.
1082 1593 1116 1641 20

275 1657 402 1712 Certatim
413 1659 541 1712 ornabant
553 1677 642 1712 omnes
654 1660 772 1712 Heroida
784 1659 856 1724 divi;

311 1728 437 1780 Certatim
449 1727 516 1780 divae
528 1746 636 1781 munere
648 1746 759 1797 quaeque
771 1746 823 1781 suo.

274 1796 388 1849 Felicem
400 1804 462 1850 ante
474 1798 539 1850 alias
551 1804 626 1851 tanto
639 1799 763 1866 scriptore
774 1798 902 1866 puellam!

308 1867 400 1919 Altera
410 1884 464 1919 non
475 1867 546 1920 fama
558 1867 655 1919 dixerit
667 1885 722 1920 esse
733 1868 819 1936 prior:

273 1935 299 1988 N
300 1954 334 1988 on
345 1936 399 2003 illa,
412 1937 587 2005 Hesperidum
599 1939 628 1989 ni
639 1955 747 1989 munere
759 1944 836 2005 capta
847 1936 947 2001 fuisset,

309 2007 373 2069 Quae
386 2006 517 2059 volucrem
530 2025 608 2059 cursu
620 2008 719 2059 vicerat
732 2007 938 2075 Hippomenem;

274 2073 392 2127 Candida
403 2092 499 2143 cycneo
511 2093 563 2128 nou
576 2076 647 2129 edita
659 2077 787 2143 Tyndaris
799 2093 846 2128 ovo
853 2095 861 2140 ;

307 2144 368 2195 Non
380 2162 472 2213 supero
484 2145 589 2213 fulgens
602 2146 738 2214 Cassiopea
749 2146 826 2213 polo;

272 2210 332 2263 Non
345 2213 451 2266 defensa
464 2215 510 2266 diu
522 2215 658 2268 volucrum
670 2214 812 2266 certamine
824 2231 957 2283 equorum,

308 2281 442 2350 Optabant
455 2283 539 2335 Craiae
552 2301 631 2352 quam
644 2284 694 2336 sibi
706 2301 815 2352 quaeque
827 2301 920 2336 manus
931 2301 938 2346 ;
1079 2290 1115 2338 30

273 2348 347 2418 Saepe
360 2352 476 2404 animam
488 2354 576 2419 generi
589 2371 635 2422 pro
648 2371 702 2421 qua
713 2360 788 2421 pater
800 2353 897 2422 impius
909 2353 1008 2420 hausit,

307 2419 382 2488 Saepe
390 2421 468 2473 rubro
481 2422 553 2473 Eleis
566 2423 694 2489 sanguine
706 2422 785 2473 fluxit
797 2423 909 2487 humus;

275 2487 355 2555 Regia
367 2506 420 2541 non
433 2489 538 2556 Semele,
551 2508 604 2543 non
618 2492 723 2544 Inachis
735 2492 876 2555 Acrisione‚

307 2559 420 2610 immitti
433 2566 588 2628 exspectant
600 2562 712 2613 fulmine
724 2567 751 2613 et
763 2561 845 2614 imbre
857 2563 877 2613 J
878 2579 966 2615 ovem:

272 2626 352 2696 Cujus
365 2634 392 2678 et
404 2628 554 2698 obreptum
566 2631 636 2698 pulsi
648 2632 746 2698 liquere
759 2638 867 2698 penates

302 2699 447 2773 Tarquinii
458 2700 568 2773 patrios,
576 2699 649 2752 iilius
658 2708 739 2767 atque
748 2706 838 2766 putem

255 2773 317 2847 illo,
334 2793 391 2850 quo
403 2776 531 2852 primum
544 2772 699 2828 dominatus
705 2769 794 2819 Roma
802 2768 925 2844 supernos

287 2850 426 2911 Mutavit
440 2847 566 2926 placidis
576 2852 703 2911 tempore
714 2831 875 2889 consuimus.
