<?xml version="1.0" encoding="UTF-8"?>
<!DOCTYPE html PUBLIC "-//W3C//DTD XHTML 1.0 Transitional//EN"
    "http://www.w3.org/TR/xhtml1/DTD/xhtml1-transitional.dtd">
<html xmlns="http://www.w3.org/1999/xhtml" xml:lang="en" lang="en">
 <head>
  <title>
</title>
<meta http-equiv="Content-Type" content="text/html;charset=utf-8" />
  <meta name='ocr-system' content='tesseract 3.04.00' />
  <meta name='ocr-capabilities' content='ocr_page ocr_carea ocr_par ocr_line ocrx_word'/>
</head>
<body>
  <div class='ocr_page' id='page_1' title='image "./operaomnia00virggoog/operaomnia00virggoog_0091.png"; bbox 0 0 2700 3242; ppageno 0'>
   <div class='ocr_carea' id='block_1_1' title="bbox 493 297 839 350">
    <p class='ocr_par' dir='ltr' id='par_1_1' title="bbox 493 297 839 350">
     <span class='ocr_line' id='line_1_1' title="bbox 493 297 839 350; baseline 0.003 -1"><span class='ocrx_word' id='word_1_1' title='bbox 493 297 692 350; x_wconf 67' lang='lat' dir='ltr'>subaureos</span> <span class='ocrx_word' id='word_1_2' title='bbox 710 297 775 349; x_wconf 88' lang='lat' dir='ltr'><strong>LIB.</strong></span> <span class='ocrx_word' id='word_1_3' title='bbox 794 298 839 350; x_wconf 82' lang='lat' dir='ltr'>lv.</span> 
     </span>
    </p>
   </div>
   <div class='ocr_carea' id='block_1_2' title="bbox 250 393 1088 2569">
    <p class='ocr_par' dir='ltr' id='par_1_2' title="bbox 251 393 941 534">
     <span class='ocr_line' id='line_1_2' title="bbox 251 393 895 475; baseline 0.008 -30"><span class='ocrx_word' id='word_1_4' title='bbox 251 393 416 475; x_wconf 88' lang='lat' dir='ltr'>Obstupuere</span> <span class='ocrx_word' id='word_1_5' title='bbox 426 413 433 458; x_wconf 92' lang='lat'>;</span> <span class='ocrx_word' id='word_1_6' title='bbox 451 396 495 447; x_wconf 89' lang='lat' dir='ltr'>sed</span> <span class='ocrx_word' id='word_1_7' title='bbox 507 403 569 448; x_wconf 85' lang='lat' dir='ltr'>ante</span> <span class='ocrx_word' id='word_1_8' title='bbox 580 398 645 450; x_wconf 86' lang='lat' dir='ltr'>alias</span> <span class='ocrx_word' id='word_1_9' title='bbox 657 399 788 451; x_wconf 73' lang='lat' dir='ltr'><strong>Arethusa</strong></span> <span class='ocrx_word' id='word_1_10' title='bbox 799 416 895 450; x_wconf 86' lang='lat' dir='ltr'>sereres</span> 
     </span>
     <span class='ocr_line' id='line_1_3' title="bbox 251 461 941 534; baseline 0.007 -21"><span class='ocrx_word' id='word_1_11' title='bbox 251 461 420 530; x_wconf 76' lang='lat' dir='ltr'>Prospiciens,</span> <span class='ocrx_word' id='word_1_12' title='bbox 433 481 533 516; x_wconf 87' lang='lat' dir='ltr'>summa</span> <span class='ocrx_word' id='word_1_13' title='bbox 544 466 642 517; x_wconf 86' lang='lat' dir='ltr'>flavum</span> <span class='ocrx_word' id='word_1_14' title='bbox 654 473 734 534; x_wconf 84' lang='lat' dir='ltr'>caput</span> <span class='ocrx_word' id='word_1_15' title='bbox 745 468 842 518; x_wconf 83' lang='lat' dir='ltr'>extulit</span> <span class='ocrx_word' id='word_1_16' title='bbox 853 469 924 518; x_wconf 82' lang='lat' dir='ltr'>undu</span> <span class='ocrx_word' id='word_1_17' title='bbox 935 487 941 529; x_wconf 92' lang='lat'>;</span> 
     </span>
    </p>

    <p class='ocr_par' dir='ltr' id='par_1_3' title="bbox 250 529 989 667">
     <span class='ocr_line' id='line_1_4' title="bbox 250 529 989 601; baseline 0.009 -19"><span class='ocrx_word' id='word_1_18' title='bbox 250 530 286 582; x_wconf 83' lang='lat' dir='ltr'>Et</span> <span class='ocrx_word' id='word_1_19' title='bbox 297 531 389 599; x_wconf 89' lang='lat' dir='ltr'>procul</span> <span class='ocrx_word' id='word_1_20' title='bbox 399 549 404 583; x_wconf 95' lang='lat'><strong>:</strong></span> <span class='ocrx_word' id='word_1_21' title='bbox 427 529 473 581; x_wconf 78' lang='lat'>‘⁸0</span> <span class='ocrx_word' id='word_1_22' title='bbox 485 533 586 597; x_wconf 90' lang='lat' dir='ltr'>gemitu</span> <span class='ocrx_word' id='word_1_23' title='bbox 597 551 649 586; x_wconf 90' lang='lat' dir='ltr'>nou</span> <span class='ocrx_word' id='word_1_24' title='bbox 661 537 760 588; x_wconf 82' lang='lat' dir='ltr'>frustra</span> <span class='ocrx_word' id='word_1_25' title='bbox 771 539 896 590; x_wconf 85' lang='lat' dir='ltr'>exterrita</span> <span class='ocrx_word' id='word_1_26' title='bbox 907 543 989 601; x_wconf 81' lang='lat' dir='ltr'>tante,</span> 
     </span>
     <span class='ocr_line' id='line_1_5' title="bbox 251 599 841 667; baseline 0.003 -17"><span class='ocrx_word' id='word_1_27' title='bbox 251 599 351 666; x_wconf 79' lang='lat' dir='ltr'>Cyrene</span> <span class='ocrx_word' id='word_1_28' title='bbox 363 616 439 665; x_wconf 85' lang='lat' dir='ltr'>seror,</span> <span class='ocrx_word' id='word_1_29' title='bbox 451 600 506 667; x_wconf 88' lang='lat' dir='ltr'>ipse</span> <span class='ocrx_word' id='word_1_30' title='bbox 518 600 574 665; x_wconf 89' lang='lat' dir='ltr'>tibi,</span> <span class='ocrx_word' id='word_1_31' title='bbox 586 605 633 652; x_wconf 91' lang='lat' dir='ltr'>tua</span> <span class='ocrx_word' id='word_1_32' title='bbox 644 602 759 652; x_wconf 83' lang='lat' dir='ltr'>maxima</span> <span class='ocrx_word' id='word_1_33' title='bbox 771 619 841 666; x_wconf 87' lang='lat' dir='ltr'>cura,</span> 
     </span>
    </p>

    <p class='ocr_par' dir='ltr' id='par_1_4' title="bbox 251 665 867 734">
     <span class='ocr_line' id='line_1_6' title="bbox 251 665 867 734; baseline 0.006 -17"><span class='ocrx_word' id='word_1_34' title='bbox 251 665 344 718; x_wconf 67' lang='lat' dir='ltr'>Tristis</span> <span class='ocrx_word' id='word_1_35' title='bbox 356 667 482 719; x_wconf 82' lang='lat' dir='ltr'>Aristaeus</span> <span class='ocrx_word' id='word_1_36' title='bbox 495 668 575 718; x_wconf 89' lang='lat' dir='ltr'>Penei</span> <span class='ocrx_word' id='word_1_37' title='bbox 586 669 710 734; x_wconf 77' lang='lat' dir='ltr'>genitoris</span> <span class='ocrx_word' id='word_1_38' title='bbox 722 670 755 720; x_wconf 88' lang='lat' dir='ltr'>ad</span> <span class='ocrx_word' id='word_1_39' title='bbox 768 671 867 721; x_wconf 90' lang='lat' dir='ltr'>undam</span> 
     </span>
    </p>

    <p class='ocr_par' dir='ltr' id='par_1_5' title="bbox 251 734 887 801">
     <span class='ocr_line' id='line_1_7' title="bbox 251 734 887 801; baseline 0.006 -15"><span class='ocrx_word' id='word_1_40' title='bbox 251 734 311 786; x_wconf 84' lang='lat' dir='ltr'>Stat</span> <span class='ocrx_word' id='word_1_41' title='bbox 323 735 469 801; x_wconf 85' lang='lat' dir='ltr'>lacrimans,</span> <span class='ocrx_word' id='word_1_42' title='bbox 481 742 508 786; x_wconf 88' lang='lat' dir='ltr'>et</span> <span class='ocrx_word' id='word_1_43' title='bbox 520 741 547 786; x_wconf 87' lang='lat' dir='ltr'>te</span> <span class='ocrx_word' id='word_1_44' title='bbox 559 737 689 788; x_wconf 77' lang='lat' dir='ltr'>crudelem</span> <span class='ocrx_word' id='word_1_45' title='bbox 700 739 804 789; x_wconf 90' lang='lat' dir='ltr'>nomine</span> <span class='ocrx_word' id='word_1_46' title='bbox 816 739 887 791; x_wconf 89' lang='lat' dir='ltr'>dicit.</span> 
     </span>
    </p>

    <p class='ocr_par' dir='ltr' id='par_1_6' title="bbox 252 801 911 874">
     <span class='ocr_line' id='line_1_8' title="bbox 252 801 911 874; baseline 0.011 -21"><span class='ocrx_word' id='word_1_47' title='bbox 252 801 324 854; x_wconf 83' lang='lat' dir='ltr'><strong>Huic</strong></span> <span class='ocrx_word' id='word_1_48' title='bbox 335 819 457 870; x_wconf 86' lang='lat' dir='ltr'>percussa</span> <span class='ocrx_word' id='word_1_49' title='bbox 467 819 534 855; x_wconf 85' lang='lat' dir='ltr'>nova</span> <span class='ocrx_word' id='word_1_50' title='bbox 545 810 659 855; x_wconf 85' lang='lat' dir='ltr'>mentem</span> <span class='ocrx_word' id='word_1_51' title='bbox 670 805 808 857; x_wconf 81' lang='lat' dir='ltr'>formidine</span> <span class='ocrx_word' id='word_1_52' title='bbox 819 813 911 874; x_wconf 85' lang='lat' dir='ltr'>mater,</span> 
     </span>
    </p>

    <p class='ocr_par' dir='ltr' id='par_1_7' title="bbox 252 871 1084 1209">
     <span class='ocr_line' id='line_1_9' title="bbox 252 871 908 937; baseline 0.011 -16"><span class='ocrx_word' id='word_1_53' title='bbox 252 871 340 937; x_wconf 88' lang='lat' dir='ltr'>“Duc,</span> <span class='ocrx_word' id='word_1_54' title='bbox 353 887 407 936; x_wconf 86' lang='lat' dir='ltr'>age,</span> <span class='ocrx_word' id='word_1_55' title='bbox 420 871 471 923; x_wconf 92' lang='lat' dir='ltr'>duc</span> <span class='ocrx_word' id='word_1_56' title='bbox 482 871 516 924; x_wconf 87' lang='lat' dir='ltr'>ed</span> <span class='ocrx_word' id='word_1_57' title='bbox 528 889 574 924; x_wconf 91' lang='lat' dir='ltr'>nes</span> <span class='ocrx_word' id='word_1_58' title='bbox 586 890 593 936; x_wconf 93' lang='lat'>;</span> <span class='ocrx_word' id='word_1_59' title='bbox 609 873 649 924; x_wconf 82' lang='lat' dir='ltr'>fas</span> <span class='ocrx_word' id='word_1_60' title='bbox 661 873 702 924; x_wconf 91' lang='lat' dir='ltr'>illi</span> <span class='ocrx_word' id='word_1_61' title='bbox 713 875 805 927; x_wconf 90' lang='lat' dir='ltr'>limina</span> <span class='ocrx_word' id='word_1_62' title='bbox 817 875 908 928; x_wconf 85' lang='lat' dir='ltr'>divirm</span> 
     </span>
     <span class='ocr_line' id='line_1_10' title="bbox 252 938 913 1007; baseline 0.012 -19"><span class='ocrx_word' id='word_1_63' title='bbox 252 938 394 1004; x_wconf 84' lang='lat' dir='ltr'>Tangere,”</span> <span class='ocrx_word' id='word_1_64' title='bbox 406 939 461 1001; x_wconf 87' lang='lat' dir='ltr'>ait;</span> <span class='ocrx_word' id='word_1_65' title='bbox 478 939 556 990; x_wconf 90' lang='lat' dir='ltr'>simul</span> <span class='ocrx_word' id='word_1_66' title='bbox 568 941 622 992; x_wconf 86' lang='lat' dir='ltr'>alta</span> <span class='ocrx_word' id='word_1_67' title='bbox 630 941 707 1007; x_wconf 90' lang='lat' dir='ltr'>jubet</span> <span class='ocrx_word' id='word_1_68' title='bbox 719 943 847 995; x_wconf 76' lang='lat' dir='ltr'>discedere</span> <span class='ocrx_word' id='word_1_69' title='bbox 860 945 913 995; x_wconf 87' lang='lat' dir='ltr'>late</span> 
     </span>
     <span class='ocr_line' id='line_1_11' title="bbox 253 1005 1084 1073; baseline -0.002 -16"><span class='ocrx_word' id='word_1_70' title='bbox 253 1005 385 1072; x_wconf 81' lang='lat' dir='ltr'>Flumina,</span> <span class='ocrx_word' id='word_1_71' title='bbox 396 1023 448 1072; x_wconf 91' lang='lat' dir='ltr'>qua</span> <span class='ocrx_word' id='word_1_72' title='bbox 456 1005 561 1073; x_wconf 86' lang='lat' dir='ltr'>juvenis</span> <span class='ocrx_word' id='word_1_73' title='bbox 572 1022 674 1071; x_wconf 80' lang='lat' dir='ltr'>gressus</span> <span class='ocrx_word' id='word_1_74' title='bbox 686 1005 801 1057; x_wconf 81' lang='lat' dir='ltr'>inferret.</span> <span class='ocrx_word' id='word_1_75' title='bbox 835 1009 872 1058; x_wconf 88' lang='lat' dir='ltr'>At</span> <span class='ocrx_word' id='word_1_76' title='bbox 884 1007 959 1058; x_wconf 87' lang='lat' dir='ltr'>illum</span> <span class='ocrx_word' id='word_1_77' title='bbox 1034 1009 1084 1057; x_wconf 83' lang='grc'>360</span> 
     </span>
     <span class='ocr_line' id='line_1_12' title="bbox 254 1073 895 1141; baseline -0.002 -15"><span class='ocrx_word' id='word_1_78' title='bbox 254 1073 368 1126; x_wconf 77' lang='lat' dir='ltr'>Oirrvata</span> <span class='ocrx_word' id='word_1_79' title='bbox 379 1074 408 1124; x_wconf 90' lang='lat' dir='ltr'>in</span> <span class='ocrx_word' id='word_1_80' title='bbox 419 1073 515 1125; x_wconf 90' lang='lat' dir='ltr'>montis</span> <span class='ocrx_word' id='word_1_81' title='bbox 527 1074 621 1124; x_wconf 88' lang='lat' dir='ltr'>faciem</span> <span class='ocrx_word' id='word_1_82' title='bbox 633 1073 806 1125; x_wconf 73' lang='lat' dir='ltr'>circumstetit</span> <span class='ocrx_word' id='word_1_83' title='bbox 818 1075 895 1141; x_wconf 87' lang='lat' dir='ltr'>unda,</span> 
     </span>
     <span class='ocr_line' id='line_1_13' title="bbox 253 1141 893 1209; baseline 0.005 -17"><span class='ocrx_word' id='word_1_84' title='bbox 253 1141 413 1209; x_wconf 84' lang='lat' dir='ltr'>Accepitque</span> <span class='ocrx_word' id='word_1_85' title='bbox 425 1142 485 1193; x_wconf 87' lang='lat' dir='ltr'>sinu</span> <span class='ocrx_word' id='word_1_86' title='bbox 496 1148 576 1207; x_wconf 76' lang='lat' dir='ltr'>vasto,</span> <span class='ocrx_word' id='word_1_87' title='bbox 588 1142 712 1207; x_wconf 72' lang='lat' dir='ltr'>misitque</span> <span class='ocrx_word' id='word_1_88' title='bbox 724 1141 772 1193; x_wconf 93' lang='lat' dir='ltr'>sub</span> <span class='ocrx_word' id='word_1_89' title='bbox 783 1159 893 1195; x_wconf 86' lang='lat' dir='ltr'>amnem.</span> 
     </span>
    </p>

    <p class='ocr_par' dir='ltr' id='par_1_8' title="bbox 253 1209 1006 1345">
     <span class='ocr_line' id='line_1_14' title="bbox 253 1209 1006 1277; baseline 0.003 -17"><span class='ocrx_word' id='word_1_90' title='bbox 253 1209 367 1276; x_wconf 77' lang='lat' dir='ltr'>Jamque</span> <span class='ocrx_word' id='word_1_91' title='bbox 379 1210 485 1260; x_wconf 91' lang='lat' dir='ltr'>domum</span> <span class='ocrx_word' id='word_1_92' title='bbox 496 1210 593 1260; x_wconf 88' lang='lat' dir='ltr'>mirans</span> <span class='ocrx_word' id='word_1_93' title='bbox 604 1209 749 1276; x_wconf 86' lang='lat' dir='ltr'>genetricis,</span> <span class='ocrx_word' id='word_1_94' title='bbox 761 1215 788 1261; x_wconf 88' lang='lat' dir='ltr'>et</span> <span class='ocrx_word' id='word_1_95' title='bbox 800 1210 908 1263; x_wconf 88' lang='lat' dir='ltr'>humida</span> <span class='ocrx_word' id='word_1_96' title='bbox 919 1227 1006 1277; x_wconf 84' lang='lat' dir='ltr'>regua,</span> 
     </span>
     <span class='ocr_line' id='line_1_15' title="bbox 253 1276 915 1345; baseline 0.002 -17"><span class='ocrx_word' id='word_1_97' title='bbox 253 1276 272 1328; x_wconf 84' lang='lat' dir='ltr'>S</span> <span class='ocrx_word' id='word_1_98' title='bbox 315 1277 441 1343; x_wconf 85' lang='lat' dir='ltr'>uncisque</span> <span class='ocrx_word' id='word_1_99' title='bbox 453 1277 525 1328; x_wconf 89' lang='lat' dir='ltr'>lacus</span> <span class='ocrx_word' id='word_1_100' title='bbox 537 1277 643 1343; x_wconf 90' lang='lat' dir='ltr'>clauses,</span> <span class='ocrx_word' id='word_1_101' title='bbox 656 1277 777 1344; x_wconf 88' lang='lat' dir='ltr'>lucesque</span> <span class='ocrx_word' id='word_1_102' title='bbox 789 1285 915 1345; x_wconf 84' lang='lat' dir='ltr'>sonantes,</span> 
     </span>
    </p>

    <p class='ocr_par' dir='ltr' id='par_1_9' title="bbox 254 1345 888 1412">
     <span class='ocr_line' id='line_1_16' title="bbox 254 1345 888 1412; baseline -0.002 -15"><span class='ocrx_word' id='word_1_103' title='bbox 254 1345 268 1397; x_wconf 94' lang='lat'>1</span> <span class='ocrx_word' id='word_1_104' title='bbox 288 1350 324 1411; x_wconf 89' lang='lat' dir='ltr'>at,</span> <span class='ocrx_word' id='word_1_105' title='bbox 336 1351 370 1412; x_wconf 88' lang='lat' dir='ltr'>et,</span> <span class='ocrx_word' id='word_1_106' title='bbox 382 1345 484 1412; x_wconf 87' lang='lat' dir='ltr'>ingenti</span> <span class='ocrx_word' id='word_1_107' title='bbox 495 1351 569 1397; x_wconf 88' lang='lat' dir='ltr'>motu</span> <span class='ocrx_word' id='word_1_108' title='bbox 581 1346 742 1412; x_wconf 84' lang='lat' dir='ltr'>stupefactus</span> <span class='ocrx_word' id='word_1_109' title='bbox 754 1362 888 1412; x_wconf 86' lang='lat' dir='ltr'>aquarum,</span> 
     </span>
    </p>

    <p class='ocr_par' dir='ltr' id='par_1_10' title="bbox 254 1413 844 1480">
     <span class='ocr_line' id='line_1_17' title="bbox 254 1413 844 1480; baseline -0.002 -15"><span class='ocrx_word' id='word_1_110' title='bbox 254 1413 350 1465; x_wconf 81' lang='lat' dir='ltr'>Omnia</span> <span class='ocrx_word' id='word_1_111' title='bbox 361 1413 409 1465; x_wconf 91' lang='lat' dir='ltr'>suh</span> <span class='ocrx_word' id='word_1_112' title='bbox 420 1430 516 1480; x_wconf 86' lang='lat' dir='ltr'>magua</span> <span class='ocrx_word' id='word_1_113' title='bbox 527 1413 643 1465; x_wconf 88' lang='lat' dir='ltr'>labentia</span> <span class='ocrx_word' id='word_1_114' title='bbox 654 1413 764 1464; x_wconf 88' lang='lat' dir='ltr'>fiumina</span> <span class='ocrx_word' id='word_1_115' title='bbox 775 1419 844 1464; x_wconf 87' lang='lat' dir='ltr'>terra</span> 
     </span>
    </p>

    <p class='ocr_par' dir='ltr' id='par_1_11' title="bbox 254 1480 934 1549">
     <span class='ocr_line' id='line_1_18' title="bbox 254 1480 934 1549; baseline 0 -16"><span class='ocrx_word' id='word_1_116' title='bbox 254 1480 396 1549; x_wconf 79' lang='lat' dir='ltr'>Spectabat</span> <span class='ocrx_word' id='word_1_117' title='bbox 408 1481 508 1533; x_wconf 83' lang='lat' dir='ltr'>diversa</span> <span class='ocrx_word' id='word_1_118' title='bbox 519 1481 588 1547; x_wconf 89' lang='lat' dir='ltr'>locis,</span> <span class='ocrx_word' id='word_1_119' title='bbox 601 1481 764 1548; x_wconf 78' lang='lat' dir='ltr'>Phasimque,</span> <span class='ocrx_word' id='word_1_120' title='bbox 777 1482 934 1549; x_wconf 86' lang='lat' dir='ltr'>Lycumque,</span> 
     </span>
    </p>

    <p class='ocr_par' dir='ltr' id='par_1_12' title="bbox 254 1549 1088 1820">
     <span class='ocr_line' id='line_1_19' title="bbox 254 1549 975 1618; baseline 0 -17"><span class='ocrx_word' id='word_1_121' title='bbox 254 1549 290 1601; x_wconf 82' lang='lat' dir='ltr'>Et</span> <span class='ocrx_word' id='word_1_122' title='bbox 302 1555 389 1617; x_wconf 90' lang='lat' dir='ltr'>caput,</span> <span class='ocrx_word' id='word_1_123' title='bbox 401 1550 471 1601; x_wconf 88' lang='lat' dir='ltr'>unde</span> <span class='ocrx_word' id='word_1_124' title='bbox 483 1549 552 1600; x_wconf 87' lang='lat' dir='ltr'>altus</span> <span class='ocrx_word' id='word_1_125' title='bbox 565 1550 679 1618; x_wconf 91' lang='lat' dir='ltr'>primum</span> <span class='ocrx_word' id='word_1_126' title='bbox 691 1566 717 1600; x_wconf 91' lang='lat' dir='ltr'>se</span> <span class='ocrx_word' id='word_1_127' title='bbox 729 1549 842 1616; x_wconf 89' lang='lat' dir='ltr'>erumpit</span> <span class='ocrx_word' id='word_1_128' title='bbox 854 1550 975 1617; x_wconf 85' lang='lat' dir='ltr'>Enipeus,</span> 
     </span>
     <span class='ocr_line' id='line_1_20' title="bbox 255 1617 923 1685; baseline 0.003 -17"><span class='ocrx_word' id='word_1_129' title='bbox 255 1617 332 1669; x_wconf 89' lang='lat' dir='ltr'>Unde</span> <span class='ocrx_word' id='word_1_130' title='bbox 343 1623 419 1685; x_wconf 82' lang='lat' dir='ltr'>pater</span> <span class='ocrx_word' id='word_1_131' title='bbox 429 1617 572 1682; x_wconf 74' lang='lat' dir='ltr'>Tiberinus,</span> <span class='ocrx_word' id='word_1_132' title='bbox 584 1623 611 1668; x_wconf 94' lang='lat' dir='ltr'>et</span> <span class='ocrx_word' id='word_1_133' title='bbox 623 1617 693 1668; x_wconf 91' lang='lat' dir='ltr'>unde</span> <span class='ocrx_word' id='word_1_134' title='bbox 705 1617 806 1668; x_wconf 86' lang='lat' dir='ltr'>Aniena</span> <span class='ocrx_word' id='word_1_135' title='bbox 817 1617 923 1685; x_wconf 87' lang='lat' dir='ltr'>fluenta,</span> 
     </span>
     <span class='ocr_line' id='line_1_21' title="bbox 255 1685 1088 1754; baseline 0 -16"><span class='ocrx_word' id='word_1_136' title='bbox 255 1685 432 1752; x_wconf 81' lang='lat' dir='ltr'>Saxosumque</span> <span class='ocrx_word' id='word_1_137' title='bbox 443 1702 536 1737; x_wconf 86' lang='lat' dir='ltr'>sunaus</span> <span class='ocrx_word' id='word_1_138' title='bbox 549 1685 675 1752; x_wconf 82' lang='lat' dir='ltr'>Hypanis,</span> <span class='ocrx_word' id='word_1_139' title='bbox 688 1685 829 1752; x_wconf 84' lang='lat' dir='ltr'>Mysusque</span> <span class='ocrx_word' id='word_1_140' title='bbox 842 1686 941 1754; x_wconf 82' lang='lat' dir='ltr'>Calcus,</span> <span class='ocrx_word' id='word_1_141' title='bbox 1036 1692 1088 1740; x_wconf 77' lang='lat'>370</span> 
     </span>
     <span class='ocr_line' id='line_1_22' title="bbox 255 1753 841 1820; baseline 0.002 -16"><span class='ocrx_word' id='word_1_142' title='bbox 255 1754 292 1805; x_wconf 85' lang='lat' dir='ltr'>Et</span> <span class='ocrx_word' id='word_1_143' title='bbox 302 1753 408 1820; x_wconf 89' lang='lat' dir='ltr'>gemina</span> <span class='ocrx_word' id='word_1_144' title='bbox 419 1758 526 1805; x_wconf 87' lang='lat' dir='ltr'>auratus</span> <span class='ocrx_word' id='word_1_145' title='bbox 540 1754 643 1804; x_wconf 86' lang='lat' dir='ltr'>taurino</span> <span class='ocrx_word' id='word_1_146' title='bbox 656 1769 753 1804; x_wconf 87' lang='lat' dir='ltr'>cornua</span> <span class='ocrx_word' id='word_1_147' title='bbox 764 1754 841 1805; x_wconf 88' lang='lat' dir='ltr'>vultu</span> 
     </span>
    </p>

    <p class='ocr_par' dir='ltr' id='par_1_13' title="bbox 256 1821 864 1888">
     <span class='ocr_line' id='line_1_23' title="bbox 256 1821 864 1888; baseline 0.002 -15"><span class='ocrx_word' id='word_1_148' title='bbox 256 1821 394 1887; x_wconf 79' lang='lat' dir='ltr'>Eridanus,</span> <span class='ocrx_word' id='word_1_149' title='bbox 406 1838 457 1888; x_wconf 90' lang='lat' dir='ltr'>que</span> <span class='ocrx_word' id='word_1_150' title='bbox 469 1838 522 1872; x_wconf 89' lang='lat' dir='ltr'>neu</span> <span class='ocrx_word' id='word_1_151' title='bbox 534 1821 601 1873; x_wconf 88' lang='lat' dir='ltr'>alius</span> <span class='ocrx_word' id='word_1_152' title='bbox 613 1838 658 1888; x_wconf 86' lang='lat' dir='ltr'>per</span> <span class='ocrx_word' id='word_1_153' title='bbox 670 1821 779 1887; x_wconf 85' lang='lat' dir='ltr'>pinguia</span> <span class='ocrx_word' id='word_1_154' title='bbox 791 1823 864 1874; x_wconf 87' lang='lat' dir='ltr'>culta</span> 
     </span>
    </p>

    <p class='ocr_par' dir='ltr' id='par_1_14' title="bbox 257 1888 1039 2091">
     <span class='ocr_line' id='line_1_24' title="bbox 257 1888 889 1957; baseline 0.002 -16"><span class='ocrx_word' id='word_1_155' title='bbox 257 1889 290 1941; x_wconf 93' lang='lat' dir='ltr'>In</span> <span class='ocrx_word' id='word_1_156' title='bbox 301 1906 373 1941; x_wconf 86' lang='lat' dir='ltr'>mare</span> <span class='ocrx_word' id='word_1_157' title='bbox 384 1906 545 1957; x_wconf 89' lang='lat' dir='ltr'>purpureum</span> <span class='ocrx_word' id='word_1_158' title='bbox 556 1888 693 1941; x_wconf 86' lang='lat' dir='ltr'>violentior</span> <span class='ocrx_word' id='word_1_159' title='bbox 705 1889 787 1940; x_wconf 89' lang='lat' dir='ltr'>effluit</span> <span class='ocrx_word' id='word_1_160' title='bbox 799 1891 889 1943; x_wconf 87' lang='lat' dir='ltr'>amnis.</span> 
     </span>
     <span class='ocr_line' id='line_1_25' title="bbox 257 1956 1039 2026; baseline 0.004 -18"><span class='ocrx_word' id='word_1_161' title='bbox 257 1956 400 2024; x_wconf 88' lang='lat' dir='ltr'>Postquam</span> <span class='ocrx_word' id='word_1_162' title='bbox 412 1963 450 2008; x_wconf 88' lang='lat' dir='ltr'>est</span> <span class='ocrx_word' id='word_1_163' title='bbox 462 1958 490 2008; x_wconf 92' lang='lat' dir='ltr'>in</span> <span class='ocrx_word' id='word_1_164' title='bbox 502 1956 612 2008; x_wconf 81' lang='lat' dir='ltr'>thalami</span> <span class='ocrx_word' id='word_1_165' title='bbox 623 1957 764 2025; x_wconf 85' lang='lat' dir='ltr'>pendentia</span> <span class='ocrx_word' id='word_1_166' title='bbox 776 1959 878 2024; x_wconf 92' lang='lat' dir='ltr'>pumice</span> <span class='ocrx_word' id='word_1_167' title='bbox 890 1963 960 2011; x_wconf 90' lang='lat' dir='ltr'>tecta</span> <span class='ocrx_word' id='word_1_168' title='bbox 1033 2012 1039 2026; x_wconf 56' lang='grc'>,</span> 
     </span>
     <span class='ocr_line' id='line_1_26' title="bbox 257 2025 854 2091; baseline 0 -14"><span class='ocrx_word' id='word_1_169' title='bbox 257 2025 424 2091; x_wconf 87' lang='lat' dir='ltr'>Perventum,</span> <span class='ocrx_word' id='word_1_170' title='bbox 436 2030 463 2076; x_wconf 88' lang='lat' dir='ltr'>ct</span> <span class='ocrx_word' id='word_1_171' title='bbox 474 2025 531 2076; x_wconf 87' lang='lat' dir='ltr'>nati</span> <span class='ocrx_word' id='word_1_172' title='bbox 543 2025 619 2076; x_wconf 88' lang='lat' dir='ltr'>fietus</span> <span class='ocrx_word' id='word_1_173' title='bbox 632 2026 752 2090; x_wconf 83' lang='lat' dir='ltr'>cognovit</span> <span class='ocrx_word' id='word_1_174' title='bbox 764 2026 854 2077; x_wconf 88' lang='lat' dir='ltr'>inanes</span> 
     </span>
    </p>

    <p class='ocr_par' dir='ltr' id='par_1_15' title="bbox 257 2092 893 2228">
     <span class='ocr_line' id='line_1_27' title="bbox 257 2092 893 2161; baseline 0 -16"><span class='ocrx_word' id='word_1_175' title='bbox 257 2094 364 2161; x_wconf 79' lang='lat' dir='ltr'>Cyrene,</span> <span class='ocrx_word' id='word_1_176' title='bbox 376 2093 496 2144; x_wconf 89' lang='lat' dir='ltr'>manibus</span> <span class='ocrx_word' id='word_1_177' title='bbox 507 2093 619 2160; x_wconf 91' lang='lat' dir='ltr'>liquidos</span> <span class='ocrx_word' id='word_1_178' title='bbox 632 2092 696 2144; x_wconf 87' lang='lat' dir='ltr'>daut</span> <span class='ocrx_word' id='word_1_179' title='bbox 708 2093 797 2145; x_wconf 90' lang='lat' dir='ltr'>ordine</span> <span class='ocrx_word' id='word_1_180' title='bbox 808 2095 893 2146; x_wconf 84' lang='lat' dir='ltr'>fontes</span> 
     </span>
     <span class='ocr_line' id='line_1_28' title="bbox 258 2161 878 2228; baseline -0.002 -15"><span class='ocrx_word' id='word_1_181' title='bbox 258 2162 400 2226; x_wconf 85' lang='lat' dir='ltr'>Germauae,</span> <span class='ocrx_word' id='word_1_182' title='bbox 412 2162 544 2228; x_wconf 86' lang='lat' dir='ltr'>tonsisque</span> <span class='ocrx_word' id='word_1_183' title='bbox 556 2162 644 2212; x_wconf 84' lang='lat' dir='ltr'>ferunt</span> <span class='ocrx_word' id='word_1_184' title='bbox 655 2161 780 2212; x_wconf 84' lang='lat' dir='ltr'>mantelia</span> <span class='ocrx_word' id='word_1_185' title='bbox 791 2162 878 2225; x_wconf 85' lang='lat' dir='ltr'>villis;</span> 
     </span>
    </p>

    <p class='ocr_par' dir='ltr' id='par_1_16' title="bbox 257 2229 1086 2569">
     <span class='ocr_line' id='line_1_29' title="bbox 257 2229 927 2297; baseline 0.001 -16"><span class='ocrx_word' id='word_1_186' title='bbox 257 2229 322 2281; x_wconf 89' lang='lat' dir='ltr'>Pars</span> <span class='ocrx_word' id='word_1_187' title='bbox 334 2229 418 2297; x_wconf 90' lang='lat' dir='ltr'>epulis</span> <span class='ocrx_word' id='word_1_188' title='bbox 430 2235 537 2280; x_wconf 87' lang='lat' dir='ltr'>onerant</span> <span class='ocrx_word' id='word_1_189' title='bbox 549 2245 657 2295; x_wconf 89' lang='lat' dir='ltr'>mensas,</span> <span class='ocrx_word' id='word_1_190' title='bbox 670 2234 697 2280; x_wconf 89' lang='lat' dir='ltr'>et</span> <span class='ocrx_word' id='word_1_191' title='bbox 709 2230 786 2296; x_wconf 86' lang='lat' dir='ltr'>plena</span> <span class='ocrx_word' id='word_1_192' title='bbox 797 2236 927 2296; x_wconf 84' lang='lat' dir='ltr'>reponunt</span> 
     </span>
     <span class='ocr_line' id='line_1_30' title="bbox 257 2296 884 2364; baseline 0.002 -15"><span class='ocrx_word' id='word_1_193' title='bbox 257 2297 373 2360; x_wconf 78' lang='lat' dir='ltr'>Pocula3</span> <span class='ocrx_word' id='word_1_194' title='bbox 391 2296 524 2349; x_wconf 84' lang='lat' dir='ltr'>Panchaeis</span> <span class='ocrx_word' id='word_1_195' title='bbox 537 2297 687 2349; x_wconf 87' lang='lat' dir='ltr'>adolescunt</span> <span class='ocrx_word' id='word_1_196' title='bbox 698 2297 803 2364; x_wconf 86' lang='lat' dir='ltr'>ignibus</span> <span class='ocrx_word' id='word_1_197' title='bbox 815 2315 884 2361; x_wconf 80' lang='lat' dir='ltr'>arae3</span> 
     </span>
     <span class='ocr_line' id='line_1_31' title="bbox 257 2366 1086 2455; baseline -0.005 -36"><span class='ocrx_word' id='word_1_198' title='bbox 257 2367 522 2455; x_wconf 79' lang='lat' dir='ltr'>Etmater‚—“Oape</span> <span class='ocrx_word' id='word_1_199' title='bbox 534 2366 640 2418; x_wconf 70' lang='lat' dir='ltr'>Maeonii</span> <span class='ocrx_word' id='word_1_200' title='bbox 652 2367 781 2417; x_wconf 89' lang='lat' dir='ltr'>carehesia</span> <span class='ocrx_word' id='word_1_201' title='bbox 793 2366 905 2418; x_wconf 87' lang='lat' dir='ltr'>Bacchi:</span> <span class='ocrx_word' id='word_1_202' title='bbox 1036 2369 1086 2417; x_wconf 65' lang='lat'>35³0</span> 
     </span>
     <span class='ocr_line' id='line_1_32' title="bbox 258 2433 906 2501; baseline -0.003 -15"><span class='ocrx_word' id='word_1_203' title='bbox 258 2436 361 2486; x_wconf 84' lang='lat' dir='ltr'>Oceano</span> <span class='ocrx_word' id='word_1_204' title='bbox 373 2434 490 2500; x_wconf 89' lang='lat' dir='ltr'>libemus,</span> <span class='ocrx_word' id='word_1_205' title='bbox 499 2435 586 2485; x_wconf 89' lang='lat' dir='ltr'>‘—ait.</span> <span class='ocrx_word' id='word_1_206' title='bbox 622 2433 706 2485; x_wconf 84' lang='lat' dir='ltr'>Simul</span> <span class='ocrx_word' id='word_1_207' title='bbox 718 2435 774 2501; x_wconf 87' lang='lat' dir='ltr'>ipsa</span> <span class='ocrx_word' id='word_1_208' title='bbox 786 2441 906 2500; x_wconf 86' lang='lat' dir='ltr'>precatur</span> 
     </span>
     <span class='ocr_line' id='line_1_33' title="bbox 258 2500 971 2569; baseline -0.003 -16"><span class='ocrx_word' id='word_1_209' title='bbox 258 2503 442 2568; x_wconf 88' lang='lat' dir='ltr'>Oceanumque</span> <span class='ocrx_word' id='word_1_210' title='bbox 453 2508 555 2569; x_wconf 88' lang='lat' dir='ltr'>patrem</span> <span class='ocrx_word' id='word_1_211' title='bbox 566 2518 659 2566; x_wconf 87' lang='lat' dir='ltr'>rerum,</span> <span class='ocrx_word' id='word_1_212' title='bbox 671 2500 857 2566; x_wconf 88' lang='lat' dir='ltr'>Nymphasque</span> <span class='ocrx_word' id='word_1_213' title='bbox 870 2518 971 2564; x_wconf 84' lang='lat' dir='ltr'>soreres,</span> 
     </span>
    </p>
   </div>
   <div class='ocr_carea' id='block_1_3' title="bbox 258 2569 968 2852">
    <p class='ocr_par' dir='ltr' id='par_1_17' title="bbox 258 2569 968 2852">
     <span class='ocr_line' id='line_1_34' title="bbox 258 2569 968 2634; baseline 0 -13"><span class='ocrx_word' id='word_1_214' title='bbox 258 2571 371 2622; x_wconf 82' lang='lat' dir='ltr'>Centum</span> <span class='ocrx_word' id='word_1_215' title='bbox 400 2586 441 2620; x_wconf 89' lang='lat' dir='ltr'>uae</span> <span class='ocrx_word' id='word_1_216' title='bbox 454 2569 538 2634; x_wconf 87' lang='lat' dir='ltr'>silvas,</span> <span class='ocrx_word' id='word_1_217' title='bbox 551 2576 656 2620; x_wconf 88' lang='lat' dir='ltr'>centum</span> <span class='ocrx_word' id='word_1_218' title='bbox 669 2586 726 2634; x_wconf 77' lang='lat' dir='ltr'>quse</span> <span class='ocrx_word' id='word_1_219' title='bbox 739 2569 847 2620; x_wconf 81' lang='lat' dir='ltr'>flumina</span> <span class='ocrx_word' id='word_1_220' title='bbox 859 2578 968 2621; x_wconf 83' lang='lat' dir='ltr'>servant.</span> 
     </span>
     <span class='ocr_line' id='line_1_35' title="bbox 258 2587 943 2705; baseline -0.006 -15"><span class='ocrx_word' id='word_1_221' title='bbox 258 2639 309 2690; x_wconf 77' lang='lat' dir='ltr'>Ter</span> <span class='ocrx_word' id='word_1_222' title='bbox 320 2587 420 2705; x_wconf 77' lang='lat' dir='ltr'>liquido</span> <span class='ocrx_word' id='word_1_223' title='bbox 432 2638 565 2689; x_wconf 90' lang='lat' dir='ltr'>ardentem</span> <span class='ocrx_word' id='word_1_224' title='bbox 577 2637 693 2703; x_wconf 85' lang='lat' dir='ltr'>perfudit</span> <span class='ocrx_word' id='word_1_225' title='bbox 705 2644 807 2686; x_wconf 81' lang='lat' dir='ltr'>nectare</span> <span class='ocrx_word' id='word_1_226' title='bbox 821 2637 925 2687; x_wconf 84' lang='lat' dir='ltr'>Vestam</span> <span class='ocrx_word' id='word_1_227' title='bbox 936 2658 943 2699; x_wconf 90' lang='lat'>;</span> 
     </span>
     <span class='ocr_line' id='line_1_36' title="bbox 259 2703 946 2774; baseline 0.001 -16"><span class='ocrx_word' id='word_1_228' title='bbox 259 2707 310 2758; x_wconf 78' lang='lat' dir='ltr'>Ter</span> <span class='ocrx_word' id='word_1_229' title='bbox 320 2706 426 2757; x_wconf 84' lang='lat' dir='ltr'>flamma</span> <span class='ocrx_word' id='word_1_230' title='bbox 438 2705 471 2757; x_wconf 83' lang='lat' dir='ltr'>ad</span> <span class='ocrx_word' id='word_1_231' title='bbox 484 2722 614 2756; x_wconf 88' lang='lat' dir='ltr'>summum</span> <span class='ocrx_word' id='word_1_232' title='bbox 625 2703 689 2756; x_wconf 86' lang='lat' dir='ltr'>tecti</span> <span class='ocrx_word' id='word_1_233' title='bbox 702 2704 818 2774; x_wconf 86' lang='lat' dir='ltr'>subjecta</span> <span class='ocrx_word' id='word_1_234' title='bbox 827 2704 946 2760; x_wconf 64' lang='lat' dir='ltr'>reluxit.</span> 
     </span>
     <span class='ocr_line' id='line_1_37' title="bbox 261 2773 924 2852; baseline 0.012 -26"><span class='ocrx_word' id='word_1_235' title='bbox 261 2775 353 2826; x_wconf 86' lang='lat' dir='ltr'>Omine</span> <span class='ocrx_word' id='word_1_236' title='bbox 363 2790 413 2838; x_wconf 86' lang='lat' dir='ltr'>quo</span> <span class='ocrx_word' id='word_1_237' title='bbox 423 2773 529 2825; x_wconf 68' lang='lat' dir='ltr'>firmans</span> <span class='ocrx_word' id='word_1_238' title='bbox 540 2774 670 2848; x_wconf 84' lang='lat' dir='ltr'>animum,</span> <span class='ocrx_word' id='word_1_239' title='bbox 683 2775 722 2831; x_wconf 89' lang='lat' dir='ltr'>sic</span> <span class='ocrx_word' id='word_1_240' title='bbox 735 2776 834 2852; x_wconf 84' lang='lat' dir='ltr'>incipit</span> <span class='ocrx_word' id='word_1_241' title='bbox 843 2777 924 2851; x_wconf 75' lang='lat' dir='ltr'>ipsa:</span> 
     </span>
    </p>
   </div>
   <div class='ocr_carea' id='block_1_4' title="bbox 0 0 1365 3242">
    <p class='ocr_par' dir='ltr' id='par_1_18' title="bbox 0 0 1365 3242">
     <span class='ocr_line' id='line_1_38' title="bbox 0 0 1365 3242; baseline 0 0"><span class='ocrx_word' id='word_1_242' title='bbox 0 0 1365 3242; x_wconf 95' lang='lat' dir='ltr'> </span> 
     </span>
    </p>
   </div>
  </div>
 </body>
</html>
