2700 3242
241 290 295 347 410
473 297 503 350 P.
521 295 676 349 VIRGILII
694 294 856 348 MARONIS

276 398 400 468 corniger
411 398 458 451 hos
470 396 536 450 aries
548 395 665 463 humilis,
678 400 706 448 et
717 396 836 448 maxima
848 401 943 449 tamus

312 468 428 521 Victima
439 471 552 520 sacratos
565 465 650 532 tinget
663 465 760 517 honore
771 466 854 518 focos:

277 537 490 605 Marmoreusque
502 533 559 601 tibi,
572 534 629 600 dea,
641 534 839 586 versicoloribus
851 535 901 588 alis

313 607 346 659 In
357 623 455 659 morem
467 605 539 674 picta
551 603 632 655 stabit
644 603 726 654 Amor
737 603 869 671 pharetra.
1054 612 1064 662 1

276 673 362 742 Adsis,
374 692 389 728 ο
402 675 544 742 Cytherea!
563 679 626 724 tuus
638 678 666 724 te
679 673 764 724 Caesar
777 673 889 742 Olympo

312 745 349 798 Et
360 743 509 817 Surrentini
520 742 603 794 litoris
616 759 661 794 ora
672 747 757 795 vocat.

265 882 328 937 vu.
346 879 505 937 annuns
523 879 622 934 Anus
640 860 780 934 sn'unus
798 879 1064 938 Pnnosornmn

417 950 628 1004 nrrcunnlu
646 949 912 1006 lurmcnnun

314 1048 356 1102 Ite
367 1048 437 1116 hinc,
449 1047 540 1100 inanes
550 1048 686 1101 rhetorum
697 1048 816 1118 manipli,

314 1117 411 1171 Inflata
422 1135 479 1170 rure
491 1135 544 1169 non
556 1118 671 1170 Achaico
684 1118 772 1186 turha,

313 1187 349 1240 Et
361 1204 413 1255 vos,
426 1187 486 1255 Sile,
498 1186 598 1254 Albuti,
611 1188 773 1256 Arquitique‚
787 1187 929 1258 varroque,

314 1256 532 1311 Scholastiuorum
543 1257 616 1309 natio
628 1258 737 1310 madens
749 1258 850 1326 pingui,

314 1325 356 1379 Ite
368 1326 431 1379 hine
442 1326 528 1378 inanis
541 1326 680 1394 cymbalon
689 1329 846 1395 juventutis.

314 1396 413 1464 Tuque,
426 1413 441 1448 ο
452 1413 571 1448 mearum
583 1413 651 1463 eura,
665 1395 752 1464 Sexte,
765 1415 895 1464 curarum,

315 1465 388 1534 Vale,
400 1465 510 1529 Sabine;
524 1466 581 1532 jam
593 1465 679 1519 valete
691 1466 803 1520 formosi.

314 1535 368 1589 Nos
380 1535 414 1589 ud
426 1534 514 1587 beatos
526 1535 584 1587 vela
595 1536 727 1587 mittimus
738 1543 837 1604 portus,

314 1604 407 1674 Magni
418 1611 537 1676 petentes
550 1605 627 1656 docta
638 1605 711 1657 dicta
723 1605 835 1672 Syronis,
888 1652 891 1659 .

316 1675 456 1742 Vitamque
468 1673 501 1725 ab
514 1673 584 1725 omni
596 1674 787 1727 vindicabimus
799 1691 869 1728 cura.
1055 1682 1064 1730 ]

316 1744 358 1797 Ite
369 1744 438 1810 hinc,
452 1743 585 1808 Camenae3
603 1761 648 1795 vos
660 1762 763 1812 quoque
775 1744 859 1796 limite
871 1746 971 1812 saevae?

315 1813 411 1866 Dulces
424 1813 558 1876 Gamenae;
576 1831 638 1865 nam
650 1814 793 1865 fatebimur
804 1831 903 1882 verum,

314 1882 411 1936 Dulces
423 1883 518 1935 fuistis.
554 1883 590 1934 Et
602 1888 692 1934 tamen
703 1901 774 1935 meas
786 1884 891 1936 chartas

317 1952 474 2016 Revisit0t03
492 1951 536 2004 sed
548 1953 686 2021 pudenter,
699 1959 726 2005 et
737 1971 802 2006 ram.

299 2090 376 2144 VIII.
393 2090 441 2142 DE
460 2089 588 2142 SABINO
607 2088 767 2142 PARODIA
785 2088 1020 2145 cATULLIANn

316 2183 428 2237 Sabinus
440 2183 492 2250 ille,
505 2201 582 2250 quem
594 2183 696 2248 videtis,
709 2183 831 2252 hospites,

316 2253 362 2306 Ait
374 2253 454 2304 fuisse
466 2254 548 2304 mulio
561 2253 719 2318 celerrimus,

315 2322 407 2390 Neque
419 2322 499 2373 ullius
511 2322 623 2374 volentis
636 2322 765 2389 impetum
777 2322 826 2375 cisi

316 2391 443 2459 Nequisse
455 2393 593 2459 praeterire,
607 2391 661 2443 sive
674 2392 814 2443 Mantuam

317 2462 389 2530 Opus
400 2461 468 2513 foret
480 2462 573 2527 volare,
587 2462 641 2513 sive
653 2462 779 2514 Brixiam.

315 2530 407 2598 Neque
419 2531 467 2582 hoc
480 2537 559 2597 negat
572 2531 718 2598 Tryphonis
732 2531 820 2582 aemuli
833 2530 925 2584 domus

315 2601 418 2666 Negare
430 2600 549 2666 nobilem,
563 2601 709 2652 insulamve
722 2601 825 2654 caeruli:

316 2670 368 2727 Ubi
381 2670 439 2740 iste,
449 2675 510 2742 post
520 2669 639 2736 Sabinus,
650 2676 713 2722 ante
725 2670 849 2733 Quinctio

312 2745 433 2806 Bidente
445 2743 515 2801 dicit
525 2741 672 2798 attuuhisse
680 2739 770 2790 iurhee

571 2845 584 2869 ι
599 2838 803 2886 comptunersm.
