2700 3242
510 297 693 353 BUGOLIOA.
723 298 802 358 neh.
815 302 862 358 VI.
1069 303 1102 356 15

251 397 320 452 Ilios
332 397 382 452 sub
394 398 471 468 nigra
482 399 612 468 pallentes
623 403 744 456 ruminat
756 402 858 472 herbas,

250 469 310 521 Aut
322 469 441 538 aliquam
450 469 479 521 in
489 487 585 537 magno
595 473 715 540 sequitur
726 490 813 541 grege.
832 473 961 543 Claudite,
966 474 1105 546 Nymphae,

250 537 363 591 Dictaeae
374 539 516 607 Nymphae,
527 556 665 592 nemorum
672 543 731 610 jam
743 541 859 596 claudite
871 544 962 613 saltus,

251 607 280 661 Si
293 625 349 677 qua
360 608 429 661 forte
440 609 530 661 ferant
542 610 624 663 oculis
636 626 691 663 sese
703 609 781 664 obvia
792 613 888 666 nostris

250 676 411 730 Errabunda
422 675 496 730 bovis
509 679 636 746 vestigia:
654 680 766 733 forsitan
777 681 862 750 illum,

251 747 310 799 Aut
321 746 404 800 herba
416 753 525 816 captum
537 748 622 815 viridi,
634 756 684 802 aut
695 756 815 803 armenta
826 757 954 821 secutum,

252 815 407 869 Perducant
418 817 515 885 aliquae
527 817 631 870 stabula
643 819 678 870 ad
691 819 819 886 Gortynia
830 838 923 875 vaccae.
1071 827 1105 877 60

251 885 322 938 'Prnn
335 886 409 938 canit
420 886 599 955 Hesperidum
609 888 735 940 miratam
746 889 817 942 mala
829 891 946 959 puellam
957 911 962 945 :

251 955 323 1008 {rum
335 955 563 1008 Phaethontiadas
574 973 664 1009 musco
676 957 823 1012 circumdat
834 977 931 1013 amarae

253 1024 372 1092 Corticis,
383 1030 464 1093 atque
476 1024 530 1078 solo
541 1042 661 1094 proceras
673 1026 752 1094 erigit
763 1027 849 1081 alnos:

252 1093 323 1146 Tum
336 1095 416 1161 canit,
428 1099 560 1147 errantem
572 1095 701 1147 Permessi
712 1095 747 1149 ad
758 1096 869 1150 flumina
882 1099 989 1152 Gallum

253 1163 343 1215 Aonas
355 1163 384 1215 in
395 1169 498 1216 montes
509 1170 541 1216 ut
553 1164 659 1217 duxerit
671 1181 727 1218 una
738 1182 854 1218 sororum
865 1186 872 1231 3

253 1231 346 1300 thue
358 1233 414 1285 viro
426 1232 519 1285 Phoebi
531 1234 625 1297 chorus
637 1236 810 1287 assurrexerit
822 1236 905 1289 omnis
915 1255 923 1301 3

254 1301 294 1353 Ut
306 1301 390 1353 Linus
401 1301 459 1354 haec
470 1302 512 1354 illi
523 1302 613 1356 divino
625 1303 742 1356 carmine
753 1310 849 1372 pastor,

254 1368 379 1422 Floribus
391 1386 407 1422 a
436 1387 498 1424 uea
517 1371 542 1423 io
554 1372 639 1425 crines
651 1378 761 1425 ornatus
773 1389 861 1425 amaro

254 1437 379 1491 Dixerit:
395 1375 474 1492 :fios
486 1445 509 1491 tr
526 1437 611 1494 idnnt
622 1439 744 1517 calamos,
756 1455 797 1502 en,
810 1413 906 1506 accipe,
918 1436 1011 1504 Musa,

254 1507 362 1560 Ascraeo
373 1523 437 1575 quos
449 1511 511 1560 ante
523 1506 586 1573 seni,
599 1504 696 1574 qurbus
707 1504 754 1557 ille
765 1503 865 1557 solebat
1070 1506 1104 1560 70

256 1576 395 1628 Cantando
406 1576 504 1644 rigidas
516 1575 644 1628 deducere
655 1572 789 1627 montibus
800 1570 901 1628 ornos.'’

256 1647 311 1700 His
323 1645 374 1698 tibi
386 1645 484 1714 Grynei
495 1645 608 1698 nemoris
621 1644 726 1697 dicatur
738 1643 818 1712 origo,

256 1716 299 1769 Ne
328 1715 370 1768 uis
382 1716 417 1768 sit
427 1715 511 1781 lucus,
522 1731 575 1783 quo
587 1731 614 1766 se
626 1713 687 1780 plus
694 1714 780 1780 jactet
791 1712 892 1781 Apollo.

254 1733 329 1847 Quid
338 1784 436 1852 loquar,
447 1783 499 1835 ut*
513 1783 629 1850 Scyllam
640 1781 709 1860 Nisi,
720 1784 882 1860 quameama
894 1785 984 1834 secuta
995 1785 1042 1846 est,

258 1852 379 1908 Candida
390 1851 551 1904 succinctam
562 1847 723 1902 latrant1bus
735 1848 846 1915 inguina
857 1849 980 1900 monstris

256 1922 397 1978 Dulichias
408 1937 515 1974 vexasse
526 1923 604 1984 rates,
616 1924 644 1971 et
655 1917 761 1986 gurgite
773 1917 802 1969 in
814 1916 868 1969 alto

257 1993 317 2046 Ah!
336 1991 442 2044 timidos
453 1995 549 2043 nautas
561 1987 670 2041 canibus
682 1987 808 2039 lacerasse
819 1985 927 2038 marinis
938 2003 945 2050 ;

257 2063 316 2115 Aut
327 2065 360 2114 ut
371 2065 486 2112 mutatos
498 2058 572 2111 Perei
584 2056 731 2110 narraverit
743 2061 824 2123 artus,

260 2131 333 2196 Quas
344 2129 386 2182 illi
398 2128 543 2182 Philomela
555 2128 642 2196 dapes,
654 2143 715 2195 quae
727 2126 796 2177 dona
807 2124 915 2193 pararit,

260 2201 320 2266 Quo
331 2217 410 2252 cursu
422 2198 524 2252 deserta
535 2196 666 2267 petiverit,
680 2200 707 2248 et
719 2194 814 2264 quibus
827 2199 890 2247 ante
1072 2195 1108 2247 80

260 2269 361 2324 Infelix
374 2286 421 2322 sua
432 2273 503 2321 tecta
514 2265 743 2336 supervolitaverit
754 2263 824 2317 alisl

296 2339 400 2406 Omnia,
412 2355 479 2407 quae,
491 2335 589 2389 Phoebo
600 2335 734 2404 quondam
745 2333 899 2400 meditante,
910 2329 1003 2385 boatus

259 2408 357 2464 Audiit
369 2408 487 2475 Eurotas,
496 2406 627 2474 jussitque
639 2405 753 2457 ediscere
765 2402 859 2468 lauros,

261 2481 312 2533 Ille
325 2478 415 2542 canit;
428 2476 511 2546 pulsae
522 2476 641 2528 referunt
653 2474 688 2526 ad
700 2473 785 2525 sidera
797 2471 895 2524 valles:

260 2551 360 2618 Cogere
372 2548 454 2600 donec
465 2563 525 2600 oves
537 2544 647 2598 stabulis
659 2558 852 2609 numerumque
863 2540 954 2595 referri

259 2618 350 2674 Jussit
362 2622 390 2671 et
401 2617 485 2670 invito
496 2614 622 2686 processit
633 2612 733 2681 Vesper
745 2609 856 2680 Olympo

645 2728 656 2750 ²
669 2732 703 2769 ant
