2700 3242
294 316 327 368 90
531 312 560 366 P.
573 312 729 366 VIRCILII
746 313 909 366 MARONIS

320 413 382 466 Irrc.
403 413 445 466 Sic
458 418 506 465 tua
518 413 632 481 Cyrneas
644 414 751 481 fugiant
763 414 886 466 examina
898 419 974 466 taxos
984 433 992 479 ;
1109 417 1143 466 30

295 481 338 535 sic
351 482 434 549 cytiso
446 488 529 550 pastae
542 483 695 535 distendant
707 483 787 535 ubera
799 500 901 536 vaccae:

295 552 394 620 Incipe,
408 553 431 604 si
443 552 507 619 quid
519 552 606 604 habes.
633 552 668 604 Et
681 570 723 604 me
735 553 820 604 fecere
832 554 939 621 poetam

293 620 410 672 Pierides
420 639 428 685 ;
446 626 509 672 sunt
521 626 549 673 et
560 621 627 672 mihi
639 622 774 685 carmina;
791 639 834 673 me
846 638 949 689 quoque
961 621 1055 674 dicunt

293 689 390 742 Vatem
402 696 518 758 pastores
529 709 536 754 ;
555 691 665 741 sednon
678 708 726 758 ego
738 690 860 743 credulus
872 691 932 742 illis.

290 757 360 812 Nam
372 777 458 827 neque
470 759 558 811 adhuc
572 760 651 811 Vario
664 761 754 812 videor
766 777 814 812 nec
827 760 912 812 dicere
924 759 1009 812 Cinna
1042 782 1045 786 ’

289 826 386 896 Digna,
401 830 445 880 scd
457 834 565 895 argutos
577 829 647 880 inter
659 834 773 896 strepere
786 846 862 880 anser
874 829 962 881 olores.

310 897 392 950 Mar.
402 897 434 948 Id
441 898 547 964 quidem
555 915 612 965 ago,
618 903 645 950 et
651 899 756 964 tacitus,
763 898 868 965 Lycida,
873 915 977 950 mecum
982 898 1038 966 ipse
1043 899 1142 968 voluto,

289 964 318 1018 si
330 966 433 1020 valeam
445 967 594 1019 meminisse
605 985 612 1030 ;
630 984 715 1035 nequa
727 973 767 1019 est
779 967 894 1034 ignobile
906 984 1018 1019 carmen.

290 1035 304 1062 ‘⁴
315 1035 377 1087 Huc
389 1036 458 1103 ades,
471 1053 486 1088 o
499 1036 609 1088 Galatea
619 1055 626 1100 ;
645 1037 704 1103 quis
717 1042 757 1088 est
768 1053 831 1087 nam
843 1036 922 1087 ludus
934 1036 963 1086 in
975 1035 1071 1090 undisi

289 1103 344 1156 Hic
356 1122 402 1157 ver
413 1123 577 1173 purpureum
587 1123 594 1168 ;
612 1107 697 1157 varios
710 1106 754 1157 hio
765 1105 877 1158 flumina
889 1106 989 1156 circum
1105 1110 1141 1158 40

288 1172 390 1226 Fundit
403 1174 500 1225 humus
512 1174 605 1238 flores;
622 1175 667 1227 hic
680 1175 794 1227 candida
805 1175 919 1243 populus
931 1180 1007 1227 antro

289 1241 424 1310 Imminet,
436 1249 464 1295 et
476 1243 555 1295 lentae
569 1250 666 1296 texunt
679 1245 834 1296 umbracula
846 1244 919 1296 vites.

290 1310 354 1364 Huc
366 1313 446 1376 ades3
464 1313 553 1365 insani
564 1314 663 1365 feriant
675 1314 731 1366 sine
743 1314 822 1366 litora
833 1311 954 1366 fluctus.”

313 1381 377 1434 Iuro.
397 1382 475 1449 Quid,
488 1399 547 1450 quae
560 1388 587 1434 te
600 1401 668 1452 pura
680 1384 765 1435 solum
778 1383 826 1435 sub
838 1389 915 1434 nocte
927 1388 1065 1434 canentem

290 1447 455 1504 Audieram?
474 1469 596 1504 numeros
608 1453 725 1519 memini,
738 1452 760 1504 si
772 1452 851 1505 verba
864 1458 988 1503 tenerem.

314 1518 394 1572 Mau.
414 1520 429 1546 “
438 1521 554 1589 Daphni,
567 1522 632 1588 quid
644 1522 767 1589 antiquos
780 1522 915 1587 signorum
927 1520 1036 1588 suspicis
1049 1521 1139 1574 ortusi

289 1587 359 1641 Ecce
371 1588 475 1641 Dionaei
486 1590 612 1658 processit
625 1589 731 1641 Caesaris
744 1596 852 1655 astrum,

289 1657 408 1726 Astrum,
422 1675 474 1725 quo
487 1664 586 1725 segetes
599 1659 745 1725 gauderent
757 1658 886 1725 frugibus,
899 1663 926 1709 et
938 1675 990 1726 quo

289 1725 407 1779 Duceret
419 1727 514 1779 apricis
527 1727 555 1778 in
569 1727 679 1779 collibus
690 1745 744 1778 uva
756 1727 874 1778 colorem.

291 1794 387 1862 Insere,
400 1796 516 1864 Daphni,
529 1796 597 1864 piros
608 1815 615 1862 ;
633 1802 743 1864 carpent
755 1801 802 1847 tua
814 1813 892 1864 poma
904 1795 1034 1864 nepotes.”
1105 1801 1140 1849 50

292 1863 387 1917 Omnia
398 1866 451 1917 fert
464 1870 535 1931 aetas,
548 1865 666 1916 animum
679 1882 798 1934 quoque:
817 1881 886 1933 saepe
898 1883 946 1932 ego
958 1866 1050 1934 longos

291 1932 429 1986 Cantando
442 1951 553 2003 puerum
565 1934 673 1986 memini
685 1952 727 1985 me
740 1935 850 1986 condere
863 1934 944 1987 soles:
1008 1996 1015 2006 ι

290 2000 371 2056 Nunc
383 2003 465 2056 oblita
476 2003 544 2054 mihi
556 2010 597 2055 tot
609 2004 726 2056 carmina
736 2025 743 2069 ;
762 2020 813 2054 vox
826 2020 929 2070 quoque
941 2004 1038 2057 Moerrn

291 2071 312 2124 J
312 2089 356 2124 am
367 2073 439 2140 fugit
451 2072 526 2154 ipsa;
544 2072 602 2140 lupi
614 2073 711 2123 Moerin
724 2073 812 2124 videre
825 2075 929 2141 priores.

291 2139 344 2194 Sed
355 2147 446 2212 tpmen
457 2147 510 2193 1sta
522 2142 585 2192 satis
597 2142 693 2193 referet
705 2142 757 2193 tibi
769 2159 837 2208 saepe
850 2142 991 2194 Menalcas.

315 2207 379 2264 Iuro.
398 2210 534 2262 Causando
547 2216 647 2262 nostros
660 2211 688 2261 iu
702 2211 810 2277 longum
823 2211 896 2262 ducis
908 2228 1014 2263 amores.

292 2276 329 2330 Et
341 2297 412 2331 nune
425 2297 501 2331 omne
513 2279 563 2331 tibi
576 2285 690 2331 stratum
703 2281 762 2331 silet
775 2297 880 2347 aequ0r3
899 2286 925 2332 et
938 2298 1034 2348 omues,

292 2348 396 2417 Aspice,
409 2349 510 2401 ventosi
523 2349 674 2401 ceciderunt
686 2350 828 2401 murmuris
840 2367 917 2401 aurae.

292 2416 364 2469 Hinc
376 2419 441 2470 adeo
452 2418 540 2471 media
552 2425 591 2470 est
604 2418 678 2470 nobis
690 2420 748 2482 via3
767 2436 880 2486 namque
892 2419 1041 2486 sepulcrum

293 2484 393 2555 Incipit
405 2504 530 2556 apparere
542 2488 669 2540 Bianoris.
699 2488 752 2539 Hic
764 2488 810 2540 ubi
823 2489 915 2540 densas
1106 2492 1139 2540 00

293 2555 424 2622 Agricolae
437 2557 573 2624 stringunt
585 2558 698 2623 frondes,
711 2557 761 2623 hic,
774 2557 859 2623 Moeri,
872 2574 996 2608 canamus
1007 2576 1014 2620 3

293 2624 347 2676 Hic
359 2625 447 2677 haedos
461 2626 576 2694 depone:
595 2632 685 2678 tamen
697 2627 832 2678 veniemus
844 2626 872 2676 in
884 2626 982 2677 urbem.

284 2694 348 2742 Aut
356 2694 387 2758 si,
399 2711 455 2745 nox
463 2695 587 2762 pluviam
599 2712 632 2746 ne
645 2695 752 2762 colligat
764 2701 833 2761 ante,
846 2711 973 2756 veremur,

272 2754 425 2812 &nantes
433 2762 504 2816 licet
516 2781 602 2834 usque
615 2764 718 2836 (minus
731 2765 776 2820 via
786 2764 874 2833 Iaediti
886 2780 986 2816 amus.

253 2811 411 2881 &ventes
423 2835 458 2882 ut
470 2850 578 2908 eamus,
592 2855 644 2910 ego
658 2838 711 2895 hoo
724 2834 958 2894 aresceremus.
