2700 3242
513 251 543 307 P.
561 251 721 306 VIRGIIAI
740 248 903 304 MARONIS

329 353 413 407 iicolae
426 369 534 406 assensu
545 352 626 405 vario.
661 351 717 404 Ceu
728 350 837 403 flamina
848 349 936 418 prima

323 442 371 475 ‚um
384 424 514 492 deprensa
525 422 643 474 fremunt
655 421 736 487 silvis,
748 426 776 473 et
787 436 857 472 caeea
868 418 993 471 volutant

317 511 429 557 urmura,
442 498 567 546 venturos
579 491 668 543 nautis
681 489 820 558 prodentia
832 495 932 540 ventos.

311 581 350 614 rm
362 563 442 615 Pater
454 561 625 629 omnipotens,
637 577 727 612 rerum
738 559 782 611 cui
794 575 897 611 summe
908 561 1033 625 potestas,
1082 557 1133 607 100

306 633 355 685 rfit.
391 632 430 684 Eo
442 631 547 683 dicente
559 629 639 682 deirm
651 629 744 681 domus
756 629 812 680 alta
824 627 939 690 silescit;

300 709 319 753 it
331 701 486 754 tremefacta
498 699 552 753 solo
564 699 661 762 tellus;
680 698 740 750 silet
752 698 851 749 arduus
863 696 963 760 rether3

294 771 350 823 lum
364 769 478 838 Zephyri
491 785 599 837 posuere
612 784 618 830 ;
637 770 734 835 premit
746 768 850 836 placida
861 782 967 833 aequora
978 769 1087 832 pontus.

292 839 424 904 ‘Accipite
437 854 498 902 ergo
509 839 605 887 animis
617 841 697 904 atque
710 837 767 888 haee
778 852 837 888 mea
848 834 923 902 figite
936 833 1019 886 dicta.

285 905 503 973 Quandoquidem
515 904 644 956 Ausonios
656 903 782 970 conjungi
794 902 891 954 foedere
903 902 1011 954 Teucris

282 973 365 1026 Haud
377 975 481 1026 licitum
494 992 501 1037 ;
518 989 568 1025 neo
580 979 668 1025 vestra
680 973 753 1040 capit
765 972 895 1024 discordia
906 971 1004 1026 finem:

284 1043 348 1107 Quos
361 1045 456 1112 cuique
468 1048 509 1095 est
520 1044 628 1094 fortuna
640 1042 725 1107 hodie,
739 1059 819 1109 quam
830 1041 941 1108 quisque
953 1046 1026 1094 secat
1037 1057 1124 1111 spem,

282 1112 345 1164 Tros
358 1112 507 1165 Rutulusne
518 1112 585 1178 fuat,
597 1111 671 1163 nullo
684 1110 835 1163 discrimine
846 1109 947 1163 habebo
957 1129 966 1174 ;

282 1180 335 1233 Seu
347 1182 410 1234 fatis
423 1181 522 1234 Italum
535 1188 621 1233 castra
633 1180 766 1232 obsidione
778 1184 910 1246 tenentur,

282 1249 343 1304 Sive
356 1268 440 1303 errore
451 1251 521 1303 mulo
533 1251 616 1318 Trojae
628 1250 787 1319 monitisque
799 1249 919 1302 sinistris.
1081 1252 1131 1303 110

281 1319 338 1372 Nec
352 1321 464 1373 Rutulos
477 1320 555 1373 solvo.
591 1320 645 1373 Sue
657 1320 752 1387 cuique
764 1336 857 1371 exorsa
869 1318 984 1371 laborem

282 1388 481 1456 Fortunamque
492 1391 585 1443 ferent.
622 1389 680 1441 Rex
692 1388 802 1457 Jupiter
813 1388 934 1440 omnibus
945 1388 1025 1442 idem.

282 1454 350 1506 Fata
362 1457 432 1508 viam
444 1458 602 1510 invenient.'’
641 1457 729 1524 Stygii
741 1472 786 1524 per
798 1454 909 1507 flumina
921 1457 1021 1520 fratris,

281 1523 332 1576 Per
343 1527 401 1593 pice
413 1531 542 1578 torrentes
554 1533 664 1594 atraque
677 1527 801 1594 voragine
813 1527 884 1594 ripas

280 1594 392 1661 Annuit,
405 1602 432 1648 et
445 1602 531 1647 totum
544 1603 613 1648 nutu
625 1597 773 1648 tremefecit
786 1595 936 1664 Olympum.

280 1663 333 1715 Hic
347 1665 406 1716 finis
418 1665 500 1718 fandi.
537 1665 606 1718 Solio
619 1671 678 1717 tum
690 1666 798 1735 Jupiter
810 1683 889 1718 aureo

279 1732 378 1800 Surgit,
391 1734 515 1786 coelicolse
527 1735 644 1787 medium
658 1752 737 1802 quem
750 1735 783 1787 ad
796 1735 889 1786 limina
901 1734 1012 1788 ducunt.

315 1802 420 1855 Interea
434 1804 527 1855 Rutuli
540 1806 622 1872 portis
635 1805 734 1856 circum
746 1804 867 1856 omnibus
880 1805 981 1857 instant

280 1869 400 1924 Sternere
413 1874 483 1925 caede
496 1875 572 1940 viros,
585 1880 612 1925 et
624 1874 722 1926 moenia
733 1875 838 1941 cingere
849 1873 969 1927 flammis.

279 1941 317 1993 At
330 1941 398 2008 legio
411 1942 560 1995 AEucadum
573 1944 649 1995 vallis
662 1943 765 1995 obsessa
777 1950 900 2007 tenetur;
1080 1948 1112 1998 12

278 2010 334 2062 Nec
347 2028 405 2078 spes
417 2011 473 2063 ulla
485 2013 563 2080 fugos.
600 2013 691 2064 Miseri
704 2020 777 2065 stant
790 2013 906 2065 turribus
918 2012 981 2066 altis

278 2079 472 2148 Nequidquam,
485 2090 512 2133 et
524 2100 583 2134 rara
595 2100 684 2134 muros
696 2083 802 2134 cinxere
815 2099 925 2136 corona:

278 2150 357 2201 Asius
370 2150 536 2219 Imbrasides,
550 2152 774 2220 Hicetaoniusque
788 2152 946 2219 Thymoetes,

277 2220 450 2288 Assaracique
463 2221 523 2287 duo,
536 2228 563 2274 et
576 2223 661 2274 senior
673 2239 734 2273 curn
747 2222 852 2274 Castore
865 2221 1013 2289 Thymbris,

277 2286 367 2339 Prima
378 2291 454 2341 acies.
491 2291 547 2343 Hos
560 2292 679 2358 germani
691 2291 848 2359 Sarpedonis
860 2291 943 2357 ambo,

276 2356 313 2410 Et
326 2358 416 2410 Clarus
429 2366 456 2411 et
468 2359 593 2425 Themon,
606 2360 688 2427 Lycia
700 2361 862 2413 comitantur
873 2360 906 2412 ab
918 2360 982 2414 alta.

276 2425 339 2479 Fert
352 2428 445 2495 ingens
458 2436 514 2481 toto
526 2431 655 2481 connixus
668 2447 773 2498 corpore
784 2448 885 2496 saxum,

276 2495 357 2548 Ilaud
371 2508 473 2565 partem
486 2500 611 2566 exiguam
623 2501 728 2565 montis,
742 2499 894 2566 Lyrnessius
906 2499 1017 2568 Acmon,

275 2563 301 2616 N
303 2583 331 2616 ee
344 2566 430 2633 Clytio
443 2569 560 2634 genitore
573 2569 665 2633 minor,
679 2586 727 2619 nec
739 2570 821 2620 fratre
833 2569 994 2622 Menestheo.

269 2633 312 2687 Hi
315 2636 427 2706 jacuiis,
440 2637 481 2690 illi
494 2645 598 2691 certant
609 2638 750 2689 defendere
764 2639 841 2704 saxis,

256 2703 410 2782 Molirique
423 2710 527 2783 ignem,
539 2726 676 2781 neruoque
688 2716 782 2786 aptare
790 2708 908 2773 sagittas.

244 2778 315 2850 Ipse
329 2783 408 2842 inter
420 2786 541 2858 medios,
552 2783 673 2843 Veneris
685 2780 834 2850 iustissima
844 2790 919 2834 tum
