2700 3242
269 266 303 320 81
495 270 524 323 P.
544 272 697 324 VIRGILII
716 274 875 327 MARONIS

302 372 374 426 “Est
384 373 413 424 in
426 374 565 442 Carpathio
577 375 695 441 Neptuni
706 376 810 442 gurgite
822 382 902 439 vates,

269 441 399 494 Oaeruleus
411 443 527 508 Proteus,
539 461 663 510 magnum
676 444 721 510 qui
733 443 845 510 piscibus
857 460 944 511 aequor

268 509 304 561 Et
312 513 405 577 juncto
417 510 540 578 bipedum
551 528 630 562 curru
640 512 749 562 metitur
761 528 891 578 equorum.

269 577 320 628 Hic
332 596 402 630 nunc
415 579 542 630 Emathia
555 585 644 645 portus
656 579 818 645 patriamque
830 579 920 630 revisit
1043 583 1097 633 390

268 645 408 699 Pallenen:
426 647 497 699 hunc
509 653 536 698 et
547 647 572 698 N
572 647 675 714 ymphae
688 664 847 712 veneramur,
860 647 954 714 etipse

269 714 426 767 Grandaevus
438 716 463 766 N
464 732 537 766 erens
548 733 555 777 ;
572 715 645 765 novit
657 730 769 780 namque
781 715 867 767 omnia
880 722 960 780 vates,

268 781 331 845 Quae
343 784 403 848 sint,
416 799 474 850 quae
486 783 591 848 fuerint,
604 799 661 849 quae
673 799 735 833 mox
746 789 857 834 ventura
869 783 1015 836 trahantur.

267 851 369 918 Quippe
381 852 420 902 ito
431 853 554 918 Neptuno
566 850 651 902 visum
663 855 719 912 eet;
736 851 861 901 immania
872 852 947 917 cnjus

266 917 392 970 Armenta
404 925 431 970 ct
442 925 531 986 turpes
543 919 627 986 pascit
639 918 687 970 sub
699 919 802 984 gurgite
814 919 916 984 phocas.

267 985 319 1038 Hi'c
331 986 387 1052 tibi,
399 993 468 1052 nate,
481 987 552 1053 prius
565 986 657 1038 vinclis
669 986 818 1053 capiendus,
830 992 862 1037 ut
873 1003 976 1038 omnem

265 1054 396 1121 Expediet
407 1055 489 1105 morbi
502 1072 613 1120 causam,
625 1061 785 1121 eventusque
797 1054 937 1106 secundet:

265 1121 334 1175 Nam
346 1123 439 1174 sineri
451 1140 503 1173 non
514 1123 570 1173 ulla
581 1122 655 1173 dabit
666 1129 801 1189 praecepta„
813 1139 899 1189 neque
910 1123 987 1174 illum

266 1189 369 1242 Orando
380 1190 467 1242 flectes
477 1209 484 1252 ;
501 1191 555 1242 vim
567 1190 659 1242 duram
671 1196 698 1241 et
709 1191 814 1242 vincula
826 1197 903 1258 capto

265 1258 370 1322 Tende;
387 1259 440 1310 doli
452 1259 549 1309 circum
561 1258 616 1309 haec
628 1258 733 1309 demum
744 1259 898 1325 frangentur
909 1259 1007 1312 inanes.
1041 1263 1096 1312 400

266 1326 327 1393 Ipsa
339 1344 386 1394 ego
398 1333 431 1393 te,
444 1327 542 1378 medios
553 1343 634 1393 quum
647 1327 683 1377 sol
696 1326 842 1377 accenderit
854 1333 938 1392 astus,

266 1394 353 1457 Quum
365 1394 458 1446 sitiunt
470 1394 562 1459 herbae,
575 1400 601 1446 et
612 1394 698 1461 pecori
707 1395 764 1460 jam
775 1395 872 1460 gratior
884 1395 977 1446 umbra
988 1399 1035 1462 est,

265 1461 297 1513 In
310 1469 408 1514 secreto
419 1463 486 1514 senis
498 1463 598 1528 ducam,
611 1478 662 1528 quo
673 1463 756 1512 fessus
768 1463 800 1513 ab
813 1463 890 1513 undis

265 1529 297 1582 Se
309 1531 409 1598 recipit,
421 1530 498 1581 facilc
509 1535 540 1581 ut
553 1547 640 1581 somno
653 1530 804 1596 aggrediare
812 1533 951 1597 jacentem.

265 1597 362 1649 Verum
373 1599 420 1650 ubi
432 1604 578 1665 correptum
589 1598 710 1650 manibus
722 1598 864 1665 vinclisque
876 1598 983 1665 tenebis,

264 1665 331 1716 Tum
342 1667 420 1719 variae
433 1666 539 1717 eludent
552 1667 647 1733 specics
659 1673 738 1732 atque
750 1683 795 1717 ora
806 1667 927 1718 ferarum.

264 1733 323 1785 Fiet
335 1735 405 1785 enim
417 1734 502 1785 subito
515 1752 557 1786 sus
569 1735 695 1801 horridus,
708 1740 815 1800 atraque
828 1735 909 1800 tigris,

263 1801 469 1869 squamosusque
481 1803 564 1869 draco,
577 1809 603 1853 ct
615 1803 689 1853 fulva
701 1804 799 1853 cervice
811 1803 908 1864 leaena3

263 1869 318 1921 Aut
329 1888 414 1922 acrem
426 1871 536 1921 flammae
549 1871 661 1922 sonitum
674 1871 754 1935 dabit,
767 1876 846 1936 atquc
858 1872 897 1921 ita
907 1870 1001 1922 vinclis

262 1937 380 2004 Excidet,
393 1944 440 1990 aut
452 1939 480 1988 in
492 1956 571 2006 aquas
583 1944 674 1990 tenues
687 1939 802 2006 dilapsus
814 1938 903 1989 abibit.
1040 1943 1094 1990 410

263 2005 320 2072 Sed,
332 2013 430 2073 quanto
442 2006 486 2057 iile
498 2008 580 2074 magis
592 2007 687 2058 formas
700 2024 726 2057 se
738 2013 821 2058 vertet
833 2007 861 2056 in
873 2023 968 2073 omnes,

262 2073 352 2142 Tanto,
364 2080 432 2141 nate,
445 2075 527 2140 magis
540 2075 665 2126 contende
678 2076 780 2126 tenacia
792 2075 894 2137 vincla;

261 2141 350 2194 Donec
362 2143 422 2194 tatis
434 2143 489 2208 erit,
501 2148 603 2194 mutato
616 2159 726 2209 corpore,
738 2143 841 2209 qualem

262 2209 370 2278 Videris,
382 2211 486 2278 incepto
498 2215 597 2276 tegeret
608 2227 690 2276 quum
701 2211 802 2262 lumino
813 2216 926 2262 somno.”

296 2279 360 2330 Haec
371 2279 417 2345 ait,
429 2286 456 2330 ct
467 2279 598 2345 liquidum
609 2278 742 2330 ambrosiae
754 2279 879 2330 diffundit
890 2279 1001 2346 odorem,
1100 2327 1102 2330 .

262 2347 318 2409 Quo
330 2352 416 2399 totum
427 2347 484 2398 nati
496 2363 588 2413 corpus
600 2347 741 2413 perduxit;
758 2353 787 2398 at
798 2347 839 2397 illi

260 2413 351 2466 Dulcis
363 2415 509 2482 compositis
522 2432 533 2465 s
552 2415 631 2466 iravit
643 2415 757 2466 crinibus
769 2432 841 2480 aura,

260 2482 347 2550 Atque
359 2483 452 2534 habilis
464 2433 585 2534 membris
597 2483 669 2536 venit
682 2483 762 2549 vigor.
797 2483 844 2533 Est
857 2500 947 2550 specus
958 2483 1052 2550 ingens

259 2549 338 2602 Exesi
350 2550 430 2602 latere
441 2551 470 2602 in
481 2551 583 2616 montis,
598 2567 648 2617 quo
660 2551 774 2618 plurima
785 2557 863 2602 vento

260 2618 367 2685 Cogitur
378 2619 456 2686 inque
469 2619 539 2670 sinus
552 2619 647 2670 scindit
660 2635 713 2670 sese
725 2620 797 2670 unda
807 2619 934 2684 reductos,
1038 2624 1091 2672 420

254 2685 396 2750 Deprensis
409 2687 470 2738 olim
482 2687 560 2738 statio
572 2687 704 2738 tutissima
715 2687 820 2748 nautis;

237 2750 323 2803 Intus
331 2770 362 2806 se
376 2755 447 2809 rasti
455 2755 573 2812 Proteus
585 2757 655 2829 tegit
667 2755 753 2828 objice
763 2755 829 2809 saria
