2700 3242
494 209 523 263 P.
542 207 699 263 VIRGIIrII
717 207 881 263 MAROnru

348 327 425 363 mum
436 309 488 378 hio,
500 315 591 364 atavos
603 316 630 364 et
641 327 752 364 avorum
763 310 874 378 antiqua
886 314 1025 364 ιοιιιιιιιιιιι

342 399 381 431 na
382 397 448 448 ,per
459 396 585 447 regesque
597 385 688 432 actum
699 397 783 447 genus
795 396 872 432 omne
884 379 1000 447 latinos,
1061 383 1112 434 530

335 422 434 530 :ipilem
447 449 552 517 scopulo
564 455 644 570 atque
656 449 772 516 ingentis
784 449 890 501 turbine
903 449 962 501 saxi

328 519 379 570 utit
380 518 564 586 ‚effunditque
575 535 603 570 so
614 535 642 570 o
661 519 733 570 hune
745 518 801 570 lora
813 519 860 586 etj
848 535 916 586 Juga
927 517 1020 571 subter

323 559 423 639 volviere
435 593 512 639 rotae:
531 587 619 639 crebro
632 604 711 656 super
722 587 823 655 ungula
835 587 915 655 pulsu

317 657 362 722 ita,
375 672 423 708 nec
435 656 535 708 domini
547 673 693 708 memorum
705 657 841 725 proculcat
852 674 994 724 equorum3

308 698 419 777 ardenti
431 725 520 792 Hyllo,
533 725 679 793 animisque
692 726 806 778 immane
817 726 943 779 frementi

300 796 395 860 currit,
409 795 543 862 telumque
555 801 652 847 aurata
661 795 695 847 ad
708 800 826 863 tempora
838 801 957 863 torquet:

294 865 322 915 lli
335 881 381 932 per
393 863 496 930 galeam
508 863 562 915 fixo
575 865 649 916 stetit
661 865 739 916 hasta
750 863 861 916 cerebro.

288 939 385 985 ’extera
397 949 445 984 neo
457 938 551 994 tuate,
565 933 674 985 Graium
685 933 834 1000 fortissime,
847 933 969 999 Oretheu,

280 1003 375 1070 ripuitl
387 1002 490 1066 Turno;
508 1019 556 1053 nec
569 1003 620 1054 dit
609 1008 698 1054 texere
711 1003 864 1070 Cupencum

273 1072 353 1122 AEnea
365 1041 490 1122 veniente,
500 1071 556 1133 sui3
575 1072 648 1123 dedit
660 1072 737 1125 obvia
748 1073 817 1123 ferro
1065 1076 1115 1125 640

268 1140 385 1206 Pectora,
398 1157 446 1191 nec
457 1141 551 1192 misero
564 1141 641 1209 clipei
653 1159 726 1194 mora
737 1142 837 1209 profuit
849 1140 917 1194 aerei

269 1210 306 1261 Te
319 1226 422 1278 quoque
435 1208 578 1261 humentes
590 1211 722 1278 viderunt,
734 1210 809 1262 AEole
810 1210 917 1278 ‚campi

270 1279 406 1346 Oppetere‚
420 1284 447 1330 et
458 1279 497 1330 lat
486 1284 512 1330 te
525 1285 622 1331 terram
635 1286 799 1332 consternere
810 1251 900 1346 ’tergm

270 1348 381 1415 Occidis,
394 1348 499 1415 Argiva
511 1365 590 1416 quem
602 1366 655 1401 non
667 1357 776 1417 potuere
788 1348 933 1417 phalanges

270 1417 398 1484 Sternere,
410 1434 458 1468 nec
471 1417 570 1468 Priami
581 1435 722 1485 regnorum
734 1435 835 1470 eversor
847 1418 976 1472 Achilles:

271 1487 324 1538 Hic
337 1486 387 1538 tibi
398 1486 489 1537 mortis
502 1492 578 1538 erant
589 1494 674 1552 metae,
687 1488 780 1539 domus
793 1487 848 1539 alta
860 1486 908 1538 sub
921 1487 971 1539 Ida
987 1506 996 1553 3

271 1556 392 1623 Lyrnessi
404 1555 497 1607 domus
509 1556 572 1622 alta,
585 1556 638 1608 solo
651 1557 782 1608 Laurente
794 1557 951 1624 sepulcrum.

271 1625 342 1676 Tota
355 1625 419 1676 adeo
432 1641 561 1676 conversae
575 1625 650 1692 acies,
663 1643 805 1692 omnesque
818 1625 913 1692 Latini,

272 1694 368 1745 Omnes
380 1693 555 1746 Dardanidae:
575 1694 737 1761 Mnestheus,
750 1712 860 1762 acerque
873 1695 1000 1762 Serestus,

272 1763 307 1815 Et
320 1763 456 1830 Messapus
469 1780 566 1830 equum
579 1763 699 1829 domitor,
711 1772 738 1815 et
750 1764 826 1815 fortis
839 1763 940 1830 heylas,
1068 1771 1099 1818 55

272 1832 467 1898 Tuscorumque
480 1832 606 1900 phalanx,
619 1832 787 1900 Evandrique
800 1833 913 1884 Arcades
925 1834 990 1887 aloe:

273 1901 323 1953 Pro
336 1919 363 1953 se
376 1901 485 1969 quisque
498 1902 548 1953 viri
561 1919 663 1953 summa
675 1902 799 1953 nituntur
811 1920 891 1982 opum
903 1903 937 1954 vi.

273 1970 329 2023 Nec
341 1988 421 2036 mora,
433 1988 481 2022 nec
494 1971 614 2037 requies;
633 1977 707 2023 vasto
720 1972 862 2022 certamine
875 1971 998 2025 tendunt.

309 2040 361 2091 Hic
374 2045 489 2091 mentem
501 2040 592 2090 AEneae
605 2040 726 2106 genetrix
739 2041 915 2108 pulcherrima
927 2041 1009 2109 misit,

274 2108 329 2161 Iret
342 2109 419 2160 utad
431 2127 526 2174 muros,
538 2109 649 2176 urbique
662 2110 810 2161 adverteret
822 2127 916 2176 agmen

276 2179 362 2243 Ocius,
375 2184 402 2229 et
415 2178 485 2229 subit
474 2184 502 2229 ta
514 2177 632 2230 turbaret
645 2178 719 2230 clade
732 2179 789 2230 Lat
771 2185 846 2231 t.1nos

275 2247 332 2314 Ille,
345 2253 377 2298 ut
389 2247 521 2313 vestigans
534 2248 637 2299 diversa
649 2266 696 2315 per
708 2248 815 2314 agmina
828 2248 947 2299 Turnum

275 2316 378 2368 Huct
350 2323 378 2368 at
380 2334 429 2383 que
442 2317 494 2366 huc
506 2317 573 2367 acies
587 2317 718 2368 circumtu
688 2317 751 2368 tulit
752 2318 865 2385 ,aspicit
854 2317 971 2369 turbem

276 2385 425 2437 Immunem
438 2392 496 2436 tant
499 2403 507 2435 1
486 2385 589 2451 belh
601 2393 630 2437 at
632 2404 682 2451 que
696 2387 803 2468 impunc
816 2387 940 2454 quietam.

276 2456 351 2506 Oont'
333 2463 407 2506 ιιιιιιο
419 2471 515 2522 pugnae
527 2456 647 2507 accendit
637 2456 764 2523 tmajoris
777 2455 877 2522 imago:

276 2523 416 2575 Mnesthea
440 2524 642 2590 Sergestumque
655 2532 731 2576 vocat
744 2525 889 2592 fortemque
902 2523 1023 2578 Serestus

273 2592 347 2648 Duct
337 2599 412 2660 tores,
425 2593 610 2660 tumulumque
623 2594 702 2660 capit
715 2611 766 2660 quo
779 2602 865 2645 cetera
878 2594 1011 2648 Teucrum

270 2665 415 2724 Concurrit
403 2664 516 2737 tlegio,
533 2682 583 2717 nec
595 2673 670 2716 scuta
680 2670 729 2714 aut
738 2663 838 2729 spicula
850 2663 924 2713 densi

259 2738 430 2814 Deponunt.
468 2738 546 2796 Celso
558 2735 667 2791 medius
679 2741 753 2785 stans
763 2730 955 2796 aggerensis
