2700 3242
271 303 325 355 040
505 297 534 352 r.
548 296 885 365 vrnesnnuusorus

272 400 391 453 Loricam
407 415 442 452 ue
453 415 536 452 manu
547 399 636 453 valida
647 399 761 452 lacerare
772 400 905 453 remlsam

272 468 394 522 Semiviri
428 469 527 537 hrygis,
539 474 566 522 et
577 469 677 521 ioedare
689 469 718 521 in
729 469 838 538 pulvere
849 469 935 521 crines

272 539 395 590 Vibratos
407 538 492 590 calido
504 539 580 605 ferro,
592 538 752 606 myrrhaque
763 537 921 592 madentes?
1067 539 1120 589 100

272 607 323 660 His
335 625 351 659 a
370 607 425 658 itur
435 607 530 660 furiis:
547 612 575 660 to
621 625 655 660 ue
667 607 785 660 ardentis
796 607 830 660 ab
842 624 886 660 ore

272 624 400 730 scurrile
412 676 560 740 absistunt3
578 676 660 728 oculis
672 677 755 729 micat
766 676 871 729 acribus
882 675 960 744 ignis.

271 744 393 813 Mugitus
405 745 490 798 veluti
502 763 584 814 quum
596 745 683 814 prima
693 746 723 798 in
734 745 828 814 proelia
840 750 932 798 taurus

272 814 407 868 Terrificos
419 814 478 881 ciet,
490 820 571 883 atque
582 815 660 867 irasci
671 815 702 866 in
713 831 812 867 cornua
824 819 920 883 tentat,

271 883 379 937 Arboris
391 883 503 936 obnixus
515 890 617 950 trunco,
629 890 773 952 ventosque
784 884 890 936 lacessit

272 951 382 1020 Ictibus,
395 958 422 1034 et
434 969 523 1021 sparsa
534 953 568 1005 sd
580 971 699 1026 pugnam
710 953 828 1021 proludit
839 970 929 1034 arena

307 1023 363 1074 Nec
374 1039 463 1074 nunus
474 1022 576 1075 interea
587 1023 714 1075 maternis
726 1039 811 1075 saevus
822 1022 852 1074 in
863 1039 944 1076 arnus

272 1090 369 1144 AEneas
381 1091 453 1143 acuit
465 1091 587 1158 Martem,
600 1097 627 1145 et
639 1108 666 1143 se
679 1091 790 1144 suscitat
799 1092 845 1159 ira,

273 1160 368 1212 Oblato
379 1160 497 1228 gaudens
510 1161 631 1229 componi
642 1161 741 1213 foedere
752 1161 860 1228 bellurn,

273 1229 341 1282 Tum
353 1229 434 1282 socios
444 1230 583 1298 maestique
594 1236 696 1283 metum
707 1230 808 1283 solatur
819 1230 881 1296 Iuli,
1071 1233 1121 1283 110

273 1298 342 1352 Fata
354 1298 463 1364 docens;
480 1300 589 1368 regique
597 1300 675 1369 jubet
687 1317 811 1368 responsa
822 1299 918 1353 Iratino

274 1367 351 1421 Certa
362 1368 458 1420 referre
470 1369 546 1437 viros,
558 1375 585 1421 et
597 1369 669 1438 pacis
681 1370 767 1421 dicere
779 1368 856 1438 leges.

309 1438 416 1489 Postera
428 1437 474 1491 vix
487 1455 600 1490 summos
613 1438 753 1507 spargebat
764 1438 864 1491 lumine
876 1443 980 1490 montes

275 1505 340 1559 Orta
351 1506 422 1570 dies;
440 1524 523 1575 quum
535 1508 650 1575 primum
662 1508 717 1561 alto
730 1524 757 1559 se
768 1508 875 1575 gurgite
887 1508 996 1562 tollunt.

273 1575 341 1629 Solis
352 1576 420 1644 equi,
432 1575 570 1645 lucemque
583 1573 659 1630 elatis
671 1577 779 1629 naribus
791 1577 894 1630 efflant:

274 1646 403 1714 Campum
414 1645 449 1697 ad
461 1652 594 1700 certamen
605 1663 709 1714 magnae
721 1646 770 1699 sub
781 1646 911 1698 moenibus
923 1646 997 1699 urbis

273 1713 392 1766 Dimensi
405 1714 551 1782 Rutulique
563 1717 614 1769 viri
626 1716 772 1784 Teucrique
784 1715 927 1784 parabant3

274 1784 308 1835 In
320 1784 457 1851 medioque
469 1784 539 1836 focos
552 1791 579 1838 et
592 1786 632 1837 dis
645 1785 827 1838 communibus
840 1803 898 1838 aras

275 1853 434 1906 Gramineus.
465 1853 519 1905 Alii
531 1854 685 1923 fontemque
697 1855 837 1923 ignemque
848 1853 978 1922 ferebant,

274 1922 363 1974 Velati
375 1923 445 1988 111110,
458 1928 485 1975 01
497 1923 610 1976 verbena
622 1931 742 1992 tempora
753 1925 843 1978 vincti.
1073 1928 1121 1976 120

274 1992 396 2044 Procedit
407 1992 476 2060 legio
489 1994 661 2062 Ausonidum,
674 1994 810 2062 pilataque
821 1993 906 2062 plenis

273 2061 389 2129 Agmina
401 2079 427 2114 se
439 2062 558 2115 fundunt
569 2064 658 2132 portis.
695 2064 767 2116 Hinc
779 2064 872 2116 Troius
884 2062 969 2115 omnis

274 2130 474 2200 Tyrrhenusque
485 2133 541 2184 ruit
553 2133 632 2184 variis
645 2133 777 2185 exercitus
789 2133 884 2196 armis;

274 2199 356 2252 Haud
369 2218 441 2253 secus
453 2202 577 2255 instructi
588 2202 663 2269 ferro,
676 2219 758 2270 quam
770 2203 792 2254 si
804 2219 896 2270 aspera
908 2201 1005 2254 Martis

274 2269 369 2336 Pugna
381 2275 463 2323 vocet.
498 2271 554 2323 Nec
566 2289 619 2323 non
630 2273 725 2325 mediis
737 2273 766 2324 in
777 2272 896 2324 millibus
907 2271 960 2341 ipsi

273 2338 401 2392 Ductores
413 2357 476 2392 auro
489 2341 603 2393 volitant
615 2347 736 2409 ostroque
748 2342 835 2394 decori
845 2341 868 2402 1,

273 2406 309 2460 Et
321 2427 405 2476 genus
417 2410 538 2462 Assaraci
550 2412 712 2478 Mnestheus,
725 2417 752 2464 et
764 2411 840 2463 fortis
852 2409 954 2478 Asylas‚

273 2476 309 2530 Et
322 2480 458 2546 Messapus
471 2497 568 2548 equum
580 2481 700 2548 domitor,
712 2481 850 2550 Neptunia
861 2480 953 2549 proles.

273 2547 363 2616 thue
376 2550 438 2600 dato
451 2550 525 2616 siguo
538 2551 623 2619 spatia
635 2551 664 2603 in
677 2569 725 2603 sua
737 2551 849 2620 quisque
861 2550 976 2617 recessit,

275 2617 401 2684 Refigunt
413 2619 508 2670 tellure
519 2620 616 2688 hastas,
628 2625 656 2672 et
668 2627 744 2673 scuta
755 2621 892 2673 reclinant.
1074 2623 1122 2674 130

268 2685 338 2742 Tum
349 2688 439 2744 studio
453 2688 541 2743 effusae
552 2697 657 2757 matres,
670 2696 697 2743 et
709 2691 805 2758 vulgus
816 2691 956 2758 inermum,

256 2756 441 2839 Invalidique
456 2783 542 2837 senes,
553 2773 643 2820 turres
651 2767 680 2817 et
688 2766 762 2815 testa
771 2761 906 2812 domorum

249 2834 394 2899 Obsedere
401 2861 410 2912 ;
433 2840 485 2902 alii
498 2840 590 2918 portis
603 2831 765 2896 sneundune
774 2829 893 2884 01111111,

667 2932 680 2958 s
696 2923 788 2974 superni
