2700 3242
495 324 695 376 GEORGIOON
713 325 778 376 LIB.
798 325 842 376 IV.
1047 328 1081 375 rb

254 425 305 475 llic
313 427 438 491 juvenem
450 426 478 475 in
490 424 595 475 latebris
607 440 725 474 aversum
738 440 754 473 a
765 423 863 474 lumine
876 424 997 491 Nympha

253 492 385 555 Colloeat,
404 493 460 559 ipsa
472 491 562 559 procul
574 492 674 542 nebulis
688 491 794 541 obscura
805 491 909 542 resistit.

252 561 315 612 Jam
326 560 434 628 rapidus
446 566 545 610 torrens
558 560 673 609 sitientes
686 559 768 609 Sirius
782 558 860 609 Indos

252 627 385 691 Ardebat3
403 628 466 679 eoelo
479 633 505 678 et
516 628 630 677 medium
643 627 686 678 sol
699 627 790 692 igneus
802 625 887 677 orbem

252 695 401 758 Hauserat;
418 695 526 746 arebant
538 694 630 760 herbae,
642 700 669 745 et
682 712 745 745 cara
756 694 864 745 flumina
877 695 950 746 siccis

252 763 383 815 Faucibus
396 764 429 815 ad
441 763 534 814 limum
545 763 612 813 radii
624 763 754 829 tepefacta
766 763 910 828 coquebant
920 783 927 824 3

253 831 340 894 Quum
352 831 461 882 Proteus
473 836 594 882 consueta
606 837 697 896 petens
708 847 722 880 e
734 831 857 880 fluctibus
869 838 945 882 antra

254 898 329 950 Ibat:
348 916 408 951 eum
419 899 488 950 vasti
500 899 596 950 circum
608 915 671 964 gens
684 898 792 948 humida
803 899 876 964 ponti
1030 903 1080 949 430

251 965 396 1018 Exsultans
406 983 490 1018 rorem
501 966 554 1017 late
566 967 687 1033 dispersit
699 983 822 1017 amarum.

252 1033 379 1086 Sternunt
392 1051 418 1086 se
431 1051 518 1086 somno
530 1035 636 1085 diversae
648 1034 676 1085 in
688 1033 762 1084 litore
775 1034 876 1100 phoca:

252 1100 266 1152 1
285 1119 319 1168 se,
332 1103 406 1154 velut
418 1102 514 1154 stabuli
526 1108 611 1154 custos
623 1103 651 1152 in
663 1101 795 1152 montibus
806 1102 875 1167 olim,

362 1170 408 1222 ubi
420 1187 434 1222 e
445 1176 524 1238 pastu
536 1170 632 1221 vitulos
644 1170 677 1220 ed
690 1177 760 1221 tecta
771 1170 880 1236 reducit,

251 1237 295 1289 Au
315 1239 409 1306 'tisque
420 1239 495 1306 lupos
507 1244 606 1289 acuunt
617 1238 749 1288 balatibus
761 1238 830 1304 agni,

251 1305 368 1358 Concidit
381 1307 485 1375 scopulo
496 1306 604 1372 medius,
616 1323 804 1371 numerumque
816 1312 938 1356 recenset.

251 1373 332 1441 Cujus
345 1375 453 1427 Aristaeo
466 1375 587 1441 quoniam
600 1379 638 1424 est
651 1375 738 1425 oblata
749 1374 868 1438 facultas,

251 1441 305 1493 Vix
318 1441 418 1494 defessa
430 1460 515 1495 senem
528 1459 618 1509 passus
630 1459 781 1508 componere
792 1442 914 1508 membra,

251 1509 318 1561 (lum
330 1509 441 1563 clamore
452 1511 507 1562 ruit
518 1527 619 1576 magne,
631 1511 789 1576 manicisque
797 1512 929 1577 jacentem

252 1577 377 1658 Occupat.
408 1579 456 1631 Ille
469 1595 520 1630 suae
533 1584 623 1629 eontra
634 1595 687 1628 non
698 1578 831 1629 immemor
843 1579 914 1646 artis,
1029 1584 1079 1630 ult)

252 1645 347 1698 Omma
359 1648 527 1698 transformat
539 1663 593 1697 sese
604 1647 632 1696 in
644 1646 770 1697 miracula
781 1664 874 1713 rerum,

252 1713 404 1781 lgnemque,
417 1715 617 1780 horribilemque
628 1714 717 1779 feram,
729 1715 889 1780 fluviumque
901 1715 1049 1783 liquentem.

252 1781 350 1833 Verum
362 1783 408 1835 ubi
419 1783 493 1835 nulla
504 1784 595 1850 fugam
606 1783 702 1849 reperit
713 1782 829 1849 pellacia,
842 1783 925 1834 victus

252 1849 286 1901 In
297 1867 351 1903 sese
362 1851 437 1912 redit,
450 1857 529 1918 atque
541 1851 652 1901 hominis
664 1851 770 1901 tandem
782 1867 824 1901 ore
836 1851 953 1903 locutus:

251 1916 346 1968 “Nam
358 1917 415 1983 quis
427 1922 461 1981 te,
470 1922 598 1983 juvenum
611 1915 837 1975 confidentissime,
849 1927 950 1968 nostras

251 1983 338 2036 Jussit
349 1984 421 2035 adire
433 1984 540 2035 domusl
559 1984 653 2051 quidve
666 1983 728 2034 hinc
742 1985 808 2049 petis
817 1985 843 2035 l”
861 1986 955 2052 inquit.
982 1990 1016 2037 At
1026 1988 1081 2039 ille:

251 2051 336 2115 “Sciit
350 2051 453 2116 Proteu,
466 2053 514 2103 scis
527 2053 581 2119 ipse
592 2071 598 2112 ;
616 2068 700 2117 neque
711 2059 750 2102 est
762 2059 788 2102 te
802 2052 892 2104 fallere
904 2054 1045 2121 quidquam
1058 2075 1065 2118 ;

252 2117 303 2169 Sed
315 2124 346 2169 tu
358 2118 446 2168 desine
458 2118 531 2169 velle.
560 2113 645 2165 Deum
657 2121 787 2182 praeopta
799 2117 888 2184 secuti,

253 2185 379 2237 Venimus
391 2185 453 2236 hinc
464 2184 544 2252 lapsis
555 2183 694 2250 quaesitnm
706 2184 810 2234 oracula
821 2184 923 2237 rebus.'’

251 2253 367 2306 uantum
379 2253 479 2304 effatus.
508 2252 549 2302 Ad
561 2251 615 2301 haec
627 2257 699 2301 vates
711 2252 738 2302 ri
750 2251 861 2319 denique
872 2254 957 2306 multa
1028 2260 1079 2307 450

251 2322 380 2373 Ardentes
392 2321 478 2372 oculos
490 2320 593 2370 intorsit
604 2319 702 2369 lumine
713 2319 813 2386 glauco,

251 2389 288 2442 Et
299 2390 417 2456 graviter
427 2389 555 2451 frendens,
569 2388 605 2438 sic
616 2388 678 2437 fatis
690 2404 733 2438 ora
745 2388 866 2441 resolvit:

285 2460 367 2513 “Non
379 2465 406 2510 te
417 2458 515 2508 nullius
527 2465 647 2510 exercent
658 2461 773 2510 numinis
785 2460 837 2509 irae.

252 2528 353 2594 Magna
364 2527 416 2578 luis
428 2527 577 2578 commissa:
596 2527 644 2577 tibi
657 2526 703 2577 has
715 2526 868 2577 miserabilis
880 2529 997 2593 Orpheus

252 2595 466 2662 Haudquaquam
478 2595 509 2645 ob
521 2595 643 2645 meritum
655 2611 751 2660 poenas,
764 2595 792 2644 ni
804 2595 871 2645 Fata
882 2596 1012 2662 resistant,

252 2663 377 2728 Suscitat,
390 2669 417 2713 et
428 2667 504 2728 rapta
515 2663 629 2728 graviter
640 2680 686 2728 pro
699 2665 808 2729 conjuge
820 2663 900 2713 saevit.

253 2731 307 2783 Illa
319 2731 430 2797 quidem,
444 2731 504 2780 dum
518 2737 544 2782 te
555 2731 660 2800 fugeret
672 2749 720 2803 per
731 2732 846 2788 llumina
855 2750 987 2806 qraceqs,

243 2799 388 2848 Imm
400 2802 463 2848 ’πθ
472 2799 556 2867 pedes
568 2801 699 2879 hydrum,
711 2808 850 2865 moritiua
860 2805 972 2882 quella,
1057 2847 1059 2852 .
