2700 3242
438 394 473 451 P.
486 393 697 452 VIRGILII
720 394 934 453 MARONIS

336 572 1028 723 GllORGIOON

497 777 625 832 LIBER
649 779 872 836 SECUNDUS.

590 962 592 967 A
610 938 756 954 mmm

296 1069 451 1123 Hscnnros
462 1085 585 1122 arvomm
598 1069 687 1122 cultus
700 1074 728 1122 et
740 1069 826 1123 sidera
837 1069 915 1135 coeli;

261 1137 341 1192 Nunc
352 1144 388 1207 te,
400 1139 511 1206 Bacche,
523 1155 624 1206 canam,
637 1156 686 1190 nec
698 1156 752 1190 non
764 1140 895 1192 silvestria
906 1145 996 1193 tecum

262 1207 394 1276 virgulta,
407 1214 435 1260 et
446 1209 546 1277 prolem
557 1210 633 1261 tarde
645 1208 785 1260 crescentis
797 1209 881 1260 olivae.

262 1276 332 1345 Huc,
344 1283 422 1346 pater
434 1295 449 1330 o
460 1277 568 1341 Lenaee3
586 1278 640 1330 tuis
652 1277 696 1328 hic
709 1277 798 1329 omnia
810 1277 889 1344 plena

261 1345 436 1410 Muneribus3
454 1346 503 1398 tibi
516 1348 655 1415 pampineo
667 1347 793 1413 gravidus
806 1354 949 1400 auctumno

261 1414 351 1469 Floret
363 1433 432 1484 ager,
445 1422 552 1484 spumat
563 1416 648 1484 plenis
661 1416 794 1468 vindemia
806 1416 886 1468 labris
896 1435 903 1480 ;

261 1484 331 1553 Huc,
343 1492 421 1554 pater
432 1502 447 1537 o
459 1485 558 1552 Lenaee,
572 1486 632 1538 veni
643 1504 650 1549 ;
668 1485 822 1553 nudataque
833 1491 921 1538 musto

244 1559 246 1563 ’
260 1554 345 1623 Tinge
358 1572 425 1607 novo
437 1572 541 1606 mecum
554 1554 669 1622 dereptis
682 1571 759 1606 crura
771 1555 914 1608 cothurnis.

294 1624 430 1692 Principio
442 1624 577 1676 arboribus
589 1625 662 1676 varia
674 1630 714 1675 est
726 1631 823 1676 natura
835 1625 967 1679 creandis:

260 1691 381 1762 Namque
394 1693 459 1760 alie,
472 1693 553 1744 nullis
565 1693 703 1745 hominum
715 1693 876 1761 cogentibus,
888 1695 951 1762 ipsae
1075 1697 1107 1747 10

260 1762 359 1832 Sponte
371 1780 419 1815 sua
430 1763 549 1830 veniunt,
563 1780 719 1831 camposque
731 1769 758 1815 et
769 1763 881 1815 fiumina
891 1764 945 1816 late

261 1833 348 1885 (lurra
360 1838 467 1884 tenent:
485 1837 517 1883 ut
528 1832 608 1884 molle
620 1832 688 1898 siler,
701 1831 833 1899 lentaeque
845 1840 968 1900 genestae,

259 1900 386 1970 Populus,
399 1907 426 1954 et
437 1902 534 1969 glauce
546 1901 669 1953 canentia
681 1901 773 1952 fronde
786 1902 886 1955 salicta.

260 1969 324 2023 Pars
337 1976 428 2023 autem
439 1970 524 2039 posito
537 1976 650 2038 surgunt
662 1970 695 2022 de
708 1971 821 2023 semine:
833 1977 865 2022 ut
877 1971 938 2023 altar

260 2041 402 2109 Castanea,
414 2057 602 2108 nemorumque
614 2041 633 2092 J
635 2040 678 2092 ovi
690 2057 749 2107 quae
761 2041 879 2092 maxima
890 2041 995 2093 frondet

258 2109 392 2175 AEsculus,
404 2116 485 2177 atque
497 2109 594 2161 habite
608 2109 693 2161 Graiis
705 2109 811 2161 oracula
824 2126 942 2177 quercus.

259 2178 382 2232 Pullulat
393 2178 427 2231 ab
438 2179 527 2230 radice
539 2179 597 2230 aliis
610 2179 765 2230 densissima
779 2179 863 2231 silva:

259 2247 297 2301 Ut
309 2246 404 2300 cerasis
416 2247 547 2316 ulmisque
557 2267 564 2311 ;
582 2248 664 2300 etiam
676 2247 803 2299 Parnasia
814 2247 905 2299 laurus

259 2315 346 2370 Parva
358 2317 406 2369 sub
418 2316 523 2385 ingenti
533 2317 627 2369 matris
639 2334 666 2368 se
679 2317 786 2384 subjicit
799 2316 899 2368 umbra.

259 2385 315 2440 Hos
327 2391 425 2439 natura
436 2387 525 2439 modos
537 2387 653 2455 primum
665 2387 756 2449 dedit;
774 2385 816 2436 his
828 2402 911 2452 genus
924 2402 1001 2439 omne
1072 2389 1107 2438 20

259 2455 392 2509 Silvarum
403 2455 585 2523 fruticumque
596 2456 665 2507 viret
677 2472 866 2522 nemorumque
878 2472 1018 2508 sacrorum.

293 2526 363 2579 Sunt
376 2525 430 2591 alii,
442 2541 506 2592 quos
518 2525 575 2593 ipse
587 2525 631 2578 via
643 2524 694 2576 sibi
705 2524 802 2591 reperit
814 2541 885 2576 usus.

260 2593 313 2646 Hic
324 2595 431 2663 plantas
442 2600 532 2647 tenero
544 2594 700 2646 abscindens
712 2593 745 2645 de
757 2610 863 2663 corpore
874 2597 994 2647 matrum

259 2662 388 2730 Deposuit
396 2661 478 2712 sulcis
481 2681 495 2724 ,¹
508 2663 555 2714 ln‘c
565 2663 662 2732 stirpes
674 2663 766 2721 obruit
778 2683 853 2741 arvo,

250 2726 463 2791 &Melasque
472 2730 560 2799 sudes,
574 2739 602 2786 et
615 2741 701 2795 acuto
715 2740 815 2801 robore
827 2743 942 2812 vallor,

1093 380 1126 406 ,ἢ

1094 423 1124 475 ·l
