2700 3242
256 308 291 360 54
485 311 514 364 P.
533 310 687 363 VIRGILII
705 311 867 364 MARONIS

255 409 396 462 Centauros
407 409 461 461 leto
473 410 582 479 domuit,
596 412 774 476 Rhoetumque
787 409 951 476 Pholumque

255 477 290 530 Et
301 495 397 544 magno
409 477 534 545 Hylaeum
546 480 667 549 Lapithis
679 484 778 529 cratere
790 479 942 530 minantem

290 546 311 599 Ο
323 547 471 598 fortunatos
482 547 602 606 nimium
615 565 662 600 sua
675 548 697 598 si
709 547 777 598 bona
788 547 885 613 norint,

256 615 397 683 Agricolas,
410 615 505 683 quibus
516 617 581 684 ipse,
594 615 686 699 procul
698 615 861 667 discordibus
873 615 960 682 armis,

255 683 355 736 Fundit
367 684 448 736 humo
459 685 564 737 facilem
576 692 679 738 motum
687 685 835 752 justissima
846 684 941 736 tellus!

254 752 283 805 Si
294 770 348 805 non
359 753 494 820 ingentem
505 754 605 806 foribus
618 755 711 806 domus
723 753 778 804 alta
791 753 909 820 superbis

254 820 334 877 Mane
347 822 512 874 salutantum
523 824 586 876 totis
599 822 681 875 vomit
694 821 794 873 aedibus
805 822 922 886 undam,

254 890 310 942 Nec
322 891 407 944 varios
418 890 525 943 inhient
536 893 648 961 pulchra
660 891 793 944 testudine
805 896 899 958 postes,

255 959 404 1027 Illusasque
416 976 480 1011 auro
493 966 585 1028 vestes,
597 961 785 1029 Ephyreiaque
797 975 865 1023 aera;

254 1027 324 1080 Alba
335 1045 421 1095 neque
433 1027 538 1095 Assyrio
550 1030 657 1081 fucatur
669 1029 732 1080 lana
744 1045 851 1094 veneno,
949 1040 951 1043 “

255 1096 310 1150 Neo
323 1097 393 1150 casia
405 1097 499 1164 liquidi
511 1098 689 1166 corrumpitur
700 1113 764 1148 usus
776 1097 851 1148 olivi:

255 1167 292 1219 At
304 1183 394 1218 secura
406 1166 479 1233 quies
491 1171 518 1218 et
531 1167 618 1218 nescia
628 1166 720 1217 fallere
733 1165 789 1217 vita

255 1234 335 1287 Dives
347 1252 427 1303 opum
439 1235 571 1287 variamm
581 1254 588 1299 ;
606 1241 635 1287 at
646 1235 709 1287 letis
721 1234 775 1286 otia
786 1235 877 1287 fundis

255 1302 393 1372 Speluncae
404 1303 510 1372 vivique
522 1304 594 1358 lacus
605 1323 612 1368 ;
630 1310 659 1357 at
670 1303 768 1370 frigida
780 1304 877 1372 Tempe

255 1372 428 1441 Mugitusque
439 1372 519 1425 boum
529 1374 672 1442 mollesque
685 1372 734 1425 sub
746 1371 836 1424 arbore
848 1373 932 1425 somni

255 1441 316 1494 Non
328 1441 442 1505 abeunt;
459 1442 515 1494 illic
528 1443 611 1494 saltus
623 1459 655 1494 ac
667 1442 753 1494 lustra
764 1441 898 1506 ferarum

255 1509 291 1563 Et
303 1511 406 1578 patiens
418 1527 525 1579 operum
537 1511 708 1578 exiguoque*
718 1518 821 1563 assueta
829 1515 957 1580 juventus
967 1531 974 1575 ;

255 1579 335 1632 Sacra
347 1578 434 1645 (leiim,
447 1579 583 1647 sanctique
595 1585 701 1648 patres;
719 1585 838 1632 extrema
849 1597 897 1649 per
908 1580 968 1633 illos

255 1649 275 1702 J
276 1648 369 1701 ustitia
381 1649 509 1700 excedens
521 1648 597 1700 terrie
610 1648 723 1715 vestigia
734 1649 804 1700 fecit.

290 1716 336 1769 Me
347 1734 408 1770 sero
420 1717 535 1784 primum
546 1717 636 1769 dulces
648 1723 711 1769 ente
723 1718 812 1769 omnia
823 1717 915 1785 Musae,

256 1785 374 1850 Quarum
386 1802 459 1838 sacra
470 1785 525 1837 fero
536 1786 641 1854 ingenti
652 1803 791 1854 percussus
803 1803 898 1854 amore,

255 1855 403 1923 Accipient,
416 1854 526 1923 coelique
538 1855 594 1907 vies
606 1861 633 1907 et
645 1855 731 1906 sidera
744 1861 909 1920 monstrent3

255 1923 380 1976 Defectus
393 1923 453 1975 solis
465 1924 558 1991 varios,
570 1924 693 2006 lunaeque
705 1923 805 1976 labores
815 1943 823 1988 ;

256 1992 332 2044 Unde
344 1998 440 2045 tremor
452 1994 527 2044 terris
538 2012 545 2056 ;
563 2010 616 2061 qua
627 2010 654 2046 vs
666 1993 750 2045 maria
761 1994 817 2045 alta
828 1998 984 2061 tumescant,

257 2060 389 2128 Objicibus
401 2062 494 2129 ruptis,
506 2079 647 2130 rursusque
660 2064 688 2113 in
701 2080 728 2113 se
740 2063 798 2130 ipsa
810 2063 944 2127 resident3

256 2130 326 2193 Quid
338 2136 443 2182 tentum
455 2147 551 2182 oceano
563 2138 702 2199 properent
714 2148 741 2183 se
753 2132 855 2198 tingere
868 2132 934 2184 soles

255 2197 374 2266 Hiberni,
387 2199 428 2252 vel
441 2216 500 2267 quse
512 2199 594 2251 tardis
605 2217 679 2252 mora
690 2200 811 2251 noctibus
823 2199 915 2254 obstet.

255 2266 309 2331 Sin,
322 2269 370 2320 has
382 2285 415 2320 ne
428 2268 525 2337 possim
536 2273 640 2320 neturee
652 2270 774 2321 accedere
786 2275 881 2337 partes,

255 2335 378 2404 Frigidus
390 2337 521 2390 obstiterit
532 2337 632 2388 circum
644 2338 788 2406 praecordia
800 2338 923 2405 sangine:

256 2404 329 2456 Rura
340 2405 407 2457 mihi
419 2411 446 2458 et
457 2406 527 2473 rigui
539 2406 663 2475 placeant
674 2407 704 2458 in
716 2406 830 2458 vallibus
842 2424 949 2471 emnes;

255 2472 380 2526 Flumina
391 2491 477 2526 amem
489 2474 619 2544 silvasque
631 2477 659 2527 in
679 2475 766 2527 lorius.
798 2476 826 2542 O,
839 2475 887 2527 ubi
898 2477 984 2544 campi

256 2541 455 2610 Spercheosque,
468 2549 496 2595 et
507 2544 654 2611 virginibus
660 2493 794 2596 lracchata
806 2545 923 2596 Lacaenis

256 2610 389 2678 Taygeta!
411 2628 432 2678 ο,
445 2612 492 2679 qui
503 2629 545 2664 me
557 2613 651 2680 gelidis
663 2613 692 2664 in
704 2613 818 2664 vallibus
832 2614 920 2664 Haemi

254 2677 345 2744 Sietat,
355 2685 381 2732 et
393 2679 497 2747 ingenti
508 2697 640 2733 ramorum
651 2687 773 2749 protegat
785 2682 891 2733 umbra!

235 2743 325 2809 Felix,
340 2748 493 2816 quipotuit
502 2766 594 2804 rerum
607 2767 764 2821 cognoscere
776 2767 876 2813 canses,

607 2857 619 2881 ⁰
633 2863 748 2905 petroque
