<?xml version="1.0" encoding="UTF-8"?>
<!DOCTYPE html PUBLIC "-//W3C//DTD XHTML 1.0 Transitional//EN"
    "http://www.w3.org/TR/xhtml1/DTD/xhtml1-transitional.dtd">
<html xmlns="http://www.w3.org/1999/xhtml" xml:lang="en" lang="en">
 <head>
  <title>
</title>
<meta http-equiv="Content-Type" content="text/html;charset=utf-8" />
  <meta name='ocr-system' content='tesseract 3.04.00' />
  <meta name='ocr-capabilities' content='ocr_page ocr_carea ocr_par ocr_line ocrx_word'/>
</head>
<body>
  <div class='ocr_page' id='page_1' title='image "./operaomnia00virggoog/operaomnia00virggoog_0304.png"; bbox 0 0 2700 3242; ppageno 0'>
   <div class='ocr_carea' id='block_1_1' title="bbox 518 275 902 333">
    <p class='ocr_par' dir='ltr' id='par_1_1' title="bbox 518 275 902 333">
     <span class='ocr_line' id='line_1_1' title="bbox 518 275 902 333; baseline -0.013 -1"><span class='ocrx_word' id='word_1_1' title='bbox 518 279 548 333; x_wconf 89' lang='lat' dir='ltr'>P.</span> <span class='ocrx_word' id='word_1_2' title='bbox 567 276 722 332; x_wconf 83' lang='lat' dir='ltr'><strong>VIRGILII</strong></span> <span class='ocrx_word' id='word_1_3' title='bbox 741 275 902 329; x_wconf 83' lang='lat' dir='ltr'><strong>MARONIS</strong></span> 
     </span>
    </p>
   </div>
   <div class='ocr_carea' id='block_1_2' title="bbox 309 371 1104 721">
    <p class='ocr_par' dir='ltr' id='par_1_2' title="bbox 333 371 921 445">
     <span class='ocr_line' id='line_1_2' title="bbox 333 371 921 445; baseline -0.009 -16"><span class='ocrx_word' id='word_1_4' title='bbox 333 394 375 445; x_wconf 85' lang='lat' dir='ltr'>rgc</span> <span class='ocrx_word' id='word_1_5' title='bbox 387 393 442 443; x_wconf 82' lang='lat' dir='ltr'>ago,</span> <span class='ocrx_word' id='word_1_6' title='bbox 455 380 483 429; x_wconf 91' lang='lat' dir='ltr'>et</span> <span class='ocrx_word' id='word_1_7' title='bbox 494 375 596 428; x_wconf 84' lang='lat' dir='ltr'>Aurora</span> <span class='ocrx_word' id='word_1_8' title='bbox 608 374 689 427; x_wconf 85' lang='lat' dir='ltr'>socios</span> <span class='ocrx_word' id='word_1_9' title='bbox 701 373 824 425; x_wconf 85' lang='lat' dir='ltr'>veniente</span> <span class='ocrx_word' id='word_1_10' title='bbox 833 371 921 425; x_wconf 86' lang='lat' dir='ltr'>vocari</span> 
     </span>
    </p>

    <p class='ocr_par' dir='ltr' id='par_1_3' title="bbox 321 440 1104 583">
     <span class='ocr_line' id='line_1_3' title="bbox 330 440 1104 512; baseline -0.004 -15"><span class='ocrx_word' id='word_1_11' title='bbox 330 448 398 497; x_wconf 85' lang='lat' dir='ltr'>imus</span> <span class='ocrx_word' id='word_1_12' title='bbox 410 446 439 497; x_wconf 90' lang='lat' dir='ltr'>in</span> <span class='ocrx_word' id='word_1_13' title='bbox 451 463 524 497; x_wconf 91' lang='lat' dir='ltr'>arma</span> <span class='ocrx_word' id='word_1_14' title='bbox 532 445 604 512; x_wconf 84' lang='lat' dir='ltr'>jube,</span> <span class='ocrx_word' id='word_1_15' title='bbox 617 451 644 495; x_wconf 85' lang='lat' dir='ltr'>et</span> <span class='ocrx_word' id='word_1_16' title='bbox 657 443 773 512; x_wconf 88' lang='lat' dir='ltr'>clipeum</span> <span class='ocrx_word' id='word_1_17' title='bbox 784 458 856 507; x_wconf 88' lang='lat' dir='ltr'>cape,</span> <span class='ocrx_word' id='word_1_18' title='bbox 868 457 948 509; x_wconf 88' lang='lat' dir='ltr'>quem</span> <span class='ocrx_word' id='word_1_19' title='bbox 959 440 1034 493; x_wconf 89' lang='lat' dir='ltr'>dedit</span> <span class='ocrx_word' id='word_1_20' title='bbox 1046 441 1104 510; x_wconf 83' lang='lat' dir='ltr'>ipse</span> 
     </span>
     <span class='ocr_line' id='line_1_4' title="bbox 321 511 945 583; baseline -0.005 -16"><span class='ocrx_word' id='word_1_21' title='bbox 321 516 426 568; x_wconf 68' lang='lat' dir='ltr'>uictum</span> <span class='ocrx_word' id='word_1_22' title='bbox 437 515 593 583; x_wconf 79' lang='lat' dir='ltr'><strong>ignipotens,</strong></span> <span class='ocrx_word' id='word_1_23' title='bbox 606 520 687 580; x_wconf 90' lang='lat' dir='ltr'>atque</span> <span class='ocrx_word' id='word_1_24' title='bbox 699 529 756 563; x_wconf 86' lang='lat' dir='ltr'>oras</span> <span class='ocrx_word' id='word_1_25' title='bbox 768 511 862 563; x_wconf 88' lang='lat' dir='ltr'>ambiit</span> <span class='ocrx_word' id='word_1_26' title='bbox 873 527 945 564; x_wconf 82' lang='lat' dir='ltr'>auro.</span> 
     </span>
    </p>

    <p class='ocr_par' dir='ltr' id='par_1_4' title="bbox 309 580 944 721">
     <span class='ocr_line' id='line_1_5' title="bbox 315 580 944 650; baseline -0.01 -14"><span class='ocrx_word' id='word_1_27' title='bbox 315 585 412 637; x_wconf 87' lang='lat' dir='ltr'>rastina</span> <span class='ocrx_word' id='word_1_28' title='bbox 424 584 479 650; x_wconf 88' lang='lat' dir='ltr'>lux,</span> <span class='ocrx_word' id='word_1_29' title='bbox 492 601 550 635; x_wconf 87' lang='lat' dir='ltr'>mea</span> <span class='ocrx_word' id='word_1_30' title='bbox 563 583 584 634; x_wconf 90' lang='lat' dir='ltr'>si</span> <span class='ocrx_word' id='word_1_31' title='bbox 596 599 649 634; x_wconf 91' lang='lat' dir='ltr'>non</span> <span class='ocrx_word' id='word_1_32' title='bbox 661 581 738 632; x_wconf 88' lang='lat' dir='ltr'>irrita</span> <span class='ocrx_word' id='word_1_33' title='bbox 750 581 823 633; x_wconf 89' lang='lat' dir='ltr'>dicta</span> <span class='ocrx_word' id='word_1_34' title='bbox 834 580 944 648; x_wconf 80' lang='lat' dir='ltr'>puteris,</span> 
     </span>
     <span class='ocr_line' id='line_1_6' title="bbox 309 646 912 721; baseline -0.005 -17"><span class='ocrx_word' id='word_1_35' title='bbox 309 660 418 721; x_wconf 81' lang='lat' dir='ltr'>ugentes</span> <span class='ocrx_word' id='word_1_36' title='bbox 430 653 537 705; x_wconf 83' lang='lat' dir='ltr'>Rutulae</span> <span class='ocrx_word' id='word_1_37' title='bbox 550 650 680 720; x_wconf 78' lang='lat' dir='ltr'>spectabit</span> <span class='ocrx_word' id='word_1_38' title='bbox 692 650 770 702; x_wconf 82' lang='lat' dir='ltr'>caedis</span> <span class='ocrx_word' id='word_1_39' title='bbox 782 646 912 704; x_wconf 82' lang='lat' dir='ltr'>acervos.’&#39;</span> 
     </span>
    </p>
   </div>
   <div class='ocr_carea' id='block_1_3' title="bbox 272 719 1125 2805">
    <p class='ocr_par' dir='ltr' id='par_1_5' title="bbox 303 719 939 788">
     <span class='ocr_line' id='line_1_7' title="bbox 303 719 939 788; baseline -0.006 -14"><span class='ocrx_word' id='word_1_40' title='bbox 303 724 418 774; x_wconf 72' lang='lat' dir='ltr'>linerat:</span> <span class='ocrx_word' id='word_1_41' title='bbox 437 729 464 774; x_wconf 90' lang='lat' dir='ltr'>et</span> <span class='ocrx_word' id='word_1_42' title='bbox 476 721 570 773; x_wconf 78' lang='lat' dir='ltr'>dextm</span> <span class='ocrx_word' id='word_1_43' title='bbox 582 720 717 772; x_wconf 81' lang='lat' dir='ltr'>discedens</span> <span class='ocrx_word' id='word_1_44' title='bbox 729 719 837 788; x_wconf 79' lang='lat' dir='ltr'>impulit</span> <span class='ocrx_word' id='word_1_45' title='bbox 849 719 939 784; x_wconf 88' lang='lat' dir='ltr'>altam,</span> 
     </span>
    </p>

    <p class='ocr_par' dir='ltr' id='par_1_6' title="bbox 293 787 1035 928">
     <span class='ocr_line' id='line_1_8' title="bbox 297 787 1035 858; baseline -0.003 -15"><span class='ocrx_word' id='word_1_46' title='bbox 297 792 373 844; x_wconf 84' lang='lat' dir='ltr'>Haud</span> <span class='ocrx_word' id='word_1_47' title='bbox 386 792 479 858; x_wconf 86' lang='lat' dir='ltr'>ignara</span> <span class='ocrx_word' id='word_1_48' title='bbox 490 790 568 857; x_wconf 84' lang='lat' dir='ltr'>modi,</span> <span class='ocrx_word' id='word_1_49' title='bbox 581 790 700 858; x_wconf 88' lang='lat' dir='ltr'>puppim.</span> <span class='ocrx_word' id='word_1_50' title='bbox 736 789 819 856; x_wconf 80' lang='lat' dir='ltr'>Fugit</span> <span class='ocrx_word' id='word_1_51' title='bbox 830 789 878 840; x_wconf 86' lang='lat' dir='ltr'>illa</span> <span class='ocrx_word' id='word_1_52' title='bbox 888 805 936 857; x_wconf 91' lang='lat' dir='ltr'>per</span> <span class='ocrx_word' id='word_1_53' title='bbox 948 787 1035 841; x_wconf 82' lang='lat' dir='ltr'>undas</span> 
     </span>
     <span class='ocr_line' id='line_1_9' title="bbox 293 858 902 928; baseline -0.005 -15"><span class='ocrx_word' id='word_1_54' title='bbox 293 861 369 913; x_wconf 87' lang='lat' dir='ltr'>Ocior</span> <span class='ocrx_word' id='word_1_55' title='bbox 380 867 408 913; x_wconf 85' lang='lat' dir='ltr'>et</span> <span class='ocrx_word' id='word_1_56' title='bbox 416 859 505 928; x_wconf 90' lang='lat' dir='ltr'>jaculo</span> <span class='ocrx_word' id='word_1_57' title='bbox 518 865 545 912; x_wconf 88' lang='lat' dir='ltr'>et</span> <span class='ocrx_word' id='word_1_58' title='bbox 558 865 649 910; x_wconf 88' lang='lat' dir='ltr'>ventos</span> <span class='ocrx_word' id='word_1_59' title='bbox 661 865 784 926; x_wconf 85' lang='lat' dir='ltr'>aequante</span> <span class='ocrx_word' id='word_1_60' title='bbox 797 858 902 925; x_wconf 78' lang='lat' dir='ltr'>sagitta</span> 
     </span>
    </p>

    <p class='ocr_par' dir='ltr' id='par_1_7' title="bbox 293 926 979 996">
     <span class='ocr_line' id='line_1_10' title="bbox 293 926 979 996; baseline -0.006 -15"><span class='ocrx_word' id='word_1_61' title='bbox 293 930 359 982; x_wconf 88' lang='lat' dir='ltr'>Inde</span> <span class='ocrx_word' id='word_1_62' title='bbox 371 929 430 981; x_wconf 84' lang='lat' dir='ltr'>aliae</span> <span class='ocrx_word' id='word_1_63' title='bbox 442 929 558 981; x_wconf 79' lang='lat' dir='ltr'>celerant</span> <span class='ocrx_word' id='word_1_64' title='bbox 570 945 669 980; x_wconf 86' lang='lat' dir='ltr'>cursus.</span> <span class='ocrx_word' id='word_1_65' title='bbox 705 927 801 996; x_wconf 81' lang='lat' dir='ltr'>Stupet</span> <span class='ocrx_word' id='word_1_66' title='bbox 812 927 911 979; x_wconf 79' lang='lat' dir='ltr'>inscius</span> <span class='ocrx_word' id='word_1_67' title='bbox 923 926 979 994; x_wconf 85' lang='lat' dir='ltr'>ipse</span> 
     </span>
    </p>

    <p class='ocr_par' dir='ltr' id='par_1_8' title="bbox 291 994 1125 1284">
     <span class='ocr_line' id='line_1_11' title="bbox 292 994 1125 1060; baseline -0.002 -10"><span class='ocrx_word' id='word_1_68' title='bbox 292 999 354 1050; x_wconf 78' lang='lat' dir='ltr'>Tros</span> <span class='ocrx_word' id='word_1_69' title='bbox 367 998 554 1060; x_wconf 84' lang='lat' dir='ltr'>Anchisiades;</span> <span class='ocrx_word' id='word_1_70' title='bbox 572 997 672 1050; x_wconf 90' lang='lat' dir='ltr'>animos</span> <span class='ocrx_word' id='word_1_71' title='bbox 685 1002 775 1049; x_wconf 87' lang='lat' dir='ltr'>tamen</span> <span class='ocrx_word' id='word_1_72' title='bbox 787 997 873 1049; x_wconf 90' lang='lat' dir='ltr'>omine</span> <span class='ocrx_word' id='word_1_73' title='bbox 886 994 963 1048; x_wconf 90' lang='lat' dir='ltr'>tollit.</span> <span class='ocrx_word' id='word_1_74' title='bbox 1087 999 1125 1048; x_wconf 60' lang='lat'>2&amp;</span> 
     </span>
     <span class='ocr_line' id='line_1_12' title="bbox 292 1067 1026 1135; baseline 0.001 -16"><span class='ocrx_word' id='word_1_75' title='bbox 292 1068 361 1120; x_wconf 78' lang='lat' dir='ltr'>Tum</span> <span class='ocrx_word' id='word_1_76' title='bbox 373 1067 487 1119; x_wconf 87' lang='lat' dir='ltr'>breviter</span> <span class='ocrx_word' id='word_1_77' title='bbox 498 1084 593 1135; x_wconf 88' lang='lat' dir='ltr'>supera</span> <span class='ocrx_word' id='word_1_78' title='bbox 604 1072 743 1135; x_wconf 82' lang='lat' dir='ltr'>aspectans</span> <span class='ocrx_word' id='word_1_79' title='bbox 755 1083 873 1119; x_wconf 84' lang='lat' dir='ltr'>convexa</span> <span class='ocrx_word' id='word_1_80' title='bbox 884 1070 1026 1134; x_wconf 85' lang='lat' dir='ltr'>precatur:</span> 
     </span>
     <span class='ocr_line' id='line_1_13' title="bbox 291 1134 976 1205; baseline -0.003 -17"><span class='ocrx_word' id='word_1_81' title='bbox 291 1134 393 1190; x_wconf 83' lang='lat' dir='ltr'>“Alma</span> <span class='ocrx_word' id='word_1_82' title='bbox 404 1156 498 1205; x_wconf 86' lang='lat' dir='ltr'>parens</span> <span class='ocrx_word' id='word_1_83' title='bbox 512 1138 583 1188; x_wconf 76' lang='lat' dir='ltr'>[daca</span> <span class='ocrx_word' id='word_1_84' title='bbox 595 1136 681 1200; x_wconf 90' lang='lat' dir='ltr'>deum,</span> <span class='ocrx_word' id='word_1_85' title='bbox 694 1135 738 1186; x_wconf 88' lang='lat' dir='ltr'>cui</span> <span class='ocrx_word' id='word_1_86' title='bbox 750 1134 884 1201; x_wconf 84' lang='lat' dir='ltr'>Dindyma</span> <span class='ocrx_word' id='word_1_87' title='bbox 896 1135 976 1200; x_wconf 85' lang='lat' dir='ltr'>cordi,</span> 
     </span>
     <span class='ocr_line' id='line_1_14' title="bbox 292 1202 986 1284; baseline 0.001 -30"><span class='ocrx_word' id='word_1_88' title='bbox 292 1202 489 1284; x_wconf 72' lang='lat' dir='ltr'>Turrigeraeque</span> <span class='ocrx_word' id='word_1_89' title='bbox 501 1204 585 1268; x_wconf 91' lang='lat' dir='ltr'>urbes,</span> <span class='ocrx_word' id='word_1_90' title='bbox 597 1202 735 1272; x_wconf 83' lang='lat' dir='ltr'>bijugique</span> <span class='ocrx_word' id='word_1_91' title='bbox 747 1203 781 1256; x_wconf 87' lang='lat' dir='ltr'>ad</span> <span class='ocrx_word' id='word_1_92' title='bbox 793 1203 869 1255; x_wconf 84' lang='lat' dir='ltr'>frena</span> <span class='ocrx_word' id='word_1_93' title='bbox 880 1204 967 1255; x_wconf 87' lang='lat' dir='ltr'>leones</span> <span class='ocrx_word' id='word_1_94' title='bbox 978 1221 986 1266; x_wconf 86' lang='lat'>;</span> 
     </span>
    </p>

    <p class='ocr_par' dir='ltr' id='par_1_9' title="bbox 292 1271 1063 1465">
     <span class='ocr_line' id='line_1_15' title="bbox 292 1271 1023 1343; baseline 0.003 -20"><span class='ocrx_word' id='word_1_95' title='bbox 292 1271 334 1324; x_wconf 77' lang='lat' dir='ltr'>Tu</span> <span class='ocrx_word' id='word_1_96' title='bbox 345 1273 411 1323; x_wconf 80' lang='lat' dir='ltr'>mihi</span> <span class='ocrx_word' id='word_1_97' title='bbox 424 1290 494 1325; x_wconf 86' lang='lat' dir='ltr'>nunc</span> <span class='ocrx_word' id='word_1_98' title='bbox 506 1290 603 1342; x_wconf 84' lang='lat' dir='ltr'>pugnae</span> <span class='ocrx_word' id='word_1_99' title='bbox 616 1274 744 1343; x_wconf 84' lang='lat' dir='ltr'>princeps,</span> <span class='ocrx_word' id='word_1_100' title='bbox 757 1280 788 1326; x_wconf 91' lang='lat' dir='ltr'>tu</span> <span class='ocrx_word' id='word_1_101' title='bbox 800 1273 850 1325; x_wconf 88' lang='lat' dir='ltr'>rite</span> <span class='ocrx_word' id='word_1_102' title='bbox 862 1271 1023 1341; x_wconf 73' lang='lat' dir='ltr'>propinques</span> 
     </span>
     <span class='ocr_line' id='line_1_16' title="bbox 292 1341 1063 1411; baseline 0.004 -19"><span class='ocrx_word' id='word_1_103' title='bbox 292 1342 449 1408; x_wconf 86' lang='lat' dir='ltr'>Augurium,</span> <span class='ocrx_word' id='word_1_104' title='bbox 463 1342 663 1410; x_wconf 70' lang='lat' dir='ltr'>Phrygibusque</span> <span class='ocrx_word' id='word_1_105' title='bbox 675 1343 746 1395; x_wconf 85' lang='lat' dir='ltr'>adsis</span> <span class='ocrx_word' id='word_1_106' title='bbox 757 1342 831 1411; x_wconf 88' lang='lat' dir='ltr'>pede,</span> <span class='ocrx_word' id='word_1_107' title='bbox 844 1342 912 1407; x_wconf 87' lang='lat' dir='ltr'>diva,</span> <span class='ocrx_word' id='word_1_108' title='bbox 925 1341 1063 1396; x_wconf 61' lang='lat' dir='ltr'>secundo?</span> 
     </span>
     <span class='ocr_line' id='line_1_17' title="bbox 293 1410 929 1465; baseline 0.008 -5"><span class='ocrx_word' id='word_1_109' title='bbox 293 1410 409 1462; x_wconf 82' lang='lat' dir='ltr'>Tantum</span> <span class='ocrx_word' id='word_1_110' title='bbox 421 1411 531 1464; x_wconf 86' lang='lat' dir='ltr'>effatus:</span> <span class='ocrx_word' id='word_1_111' title='bbox 550 1416 578 1463; x_wconf 86' lang='lat' dir='ltr'>et</span> <span class='ocrx_word' id='word_1_112' title='bbox 589 1413 691 1465; x_wconf 86' lang='lat' dir='ltr'>interea</span> <span class='ocrx_word' id='word_1_113' title='bbox 702 1413 823 1464; x_wconf 81' lang='lat' dir='ltr'>revoluta</span> <span class='ocrx_word' id='word_1_114' title='bbox 835 1411 929 1465; x_wconf 88' lang='lat' dir='ltr'>ruebat</span> 
     </span>
    </p>

    <p class='ocr_par' dir='ltr' id='par_1_10' title="bbox 292 1479 907 1550">
     <span class='ocr_line' id='line_1_18' title="bbox 292 1479 907 1550; baseline 0.003 -18"><span class='ocrx_word' id='word_1_115' title='bbox 292 1479 400 1532; x_wconf 87' lang='lat' dir='ltr'>Matura</span> <span class='ocrx_word' id='word_1_116' title='bbox 409 1482 466 1547; x_wconf 89' lang='lat' dir='ltr'>jam</span> <span class='ocrx_word' id='word_1_117' title='bbox 479 1481 538 1533; x_wconf 89' lang='lat' dir='ltr'>luce</span> <span class='ocrx_word' id='word_1_118' title='bbox 550 1481 613 1546; x_wconf 88' lang='lat' dir='ltr'>dies,</span> <span class='ocrx_word' id='word_1_119' title='bbox 626 1488 782 1550; x_wconf 86' lang='lat' dir='ltr'>noctemque</span> <span class='ocrx_word' id='word_1_120' title='bbox 794 1483 907 1548; x_wconf 82' lang='lat' dir='ltr'>fugarat.</span> 
     </span>
    </p>

    <p class='ocr_par' dir='ltr' id='par_1_11' title="bbox 328 1549 900 1618">
     <span class='ocr_line' id='line_1_19' title="bbox 328 1549 900 1618; baseline 0.002 -18"><span class='ocrx_word' id='word_1_121' title='bbox 328 1549 460 1617; x_wconf 87' lang='lat' dir='ltr'>Principio</span> <span class='ocrx_word' id='word_1_122' title='bbox 473 1551 548 1603; x_wconf 91' lang='lat' dir='ltr'>sociis</span> <span class='ocrx_word' id='word_1_123' title='bbox 560 1551 647 1617; x_wconf 84' lang='lat' dir='ltr'>edicit,</span> <span class='ocrx_word' id='word_1_124' title='bbox 661 1551 737 1618; x_wconf 86' lang='lat' dir='ltr'>signa</span> <span class='ocrx_word' id='word_1_125' title='bbox 749 1558 900 1618; x_wconf 86' lang='lat' dir='ltr'>sequantur,</span> 
     </span>
    </p>

    <p class='ocr_par' dir='ltr' id='par_1_12' title="bbox 292 1617 1113 1965">
     <span class='ocr_line' id='line_1_20' title="bbox 293 1617 1012 1689; baseline 0.004 -20"><span class='ocrx_word' id='word_1_126' title='bbox 293 1617 382 1685; x_wconf 81' lang='lat' dir='ltr'>Atque</span> <span class='ocrx_word' id='word_1_127' title='bbox 393 1620 494 1671; x_wconf 88' lang='lat' dir='ltr'>animos</span> <span class='ocrx_word' id='word_1_128' title='bbox 506 1626 600 1688; x_wconf 86' lang='lat' dir='ltr'>aptent</span> <span class='ocrx_word' id='word_1_129' title='bbox 612 1621 699 1686; x_wconf 90' lang='lat' dir='ltr'>armis,</span> <span class='ocrx_word' id='word_1_130' title='bbox 711 1637 859 1689; x_wconf 70' lang='lat' dir='ltr'>pugnaeque</span> <span class='ocrx_word' id='word_1_131' title='bbox 871 1625 965 1688; x_wconf 86' lang='lat' dir='ltr'>parent</span> <span class='ocrx_word' id='word_1_132' title='bbox 978 1638 1012 1672; x_wconf 81' lang='lat' dir='ltr'>sa</span> 
     </span>
     <span class='ocr_line' id='line_1_21' title="bbox 292 1688 1113 1756; baseline 0.001 -16"><span class='ocrx_word' id='word_1_133' title='bbox 292 1688 407 1756; x_wconf 81' lang='lat' dir='ltr'>Jamque</span> <span class='ocrx_word' id='word_1_134' title='bbox 419 1689 447 1739; x_wconf 92' lang='lat' dir='ltr'>in</span> <span class='ocrx_word' id='word_1_135' title='bbox 460 1697 600 1756; x_wconf 86' lang='lat' dir='ltr'>conspectu</span> <span class='ocrx_word' id='word_1_136' title='bbox 613 1690 725 1742; x_wconf 77' lang='lat' dir='ltr'>Teucros</span> <span class='ocrx_word' id='word_1_137' title='bbox 737 1689 817 1742; x_wconf 84' lang='lat' dir='ltr'>habet</span> <span class='ocrx_word' id='word_1_138' title='bbox 830 1697 857 1740; x_wconf 87' lang='lat' dir='ltr'>et</span> <span class='ocrx_word' id='word_1_139' title='bbox 869 1707 917 1740; x_wconf 87' lang='lat' dir='ltr'>sua</span> <span class='ocrx_word' id='word_1_140' title='bbox 929 1697 1023 1755; x_wconf 83' lang='lat' dir='ltr'>castra,</span> <span class='ocrx_word' id='word_1_141' title='bbox 1087 1693 1113 1741; x_wconf 74' lang='lat'>2¹</span> 
     </span>
     <span class='ocr_line' id='line_1_22' title="bbox 293 1756 1062 1827; baseline 0.007 -20"><span class='ocrx_word' id='word_1_142' title='bbox 293 1756 372 1808; x_wconf 84' lang='lat' dir='ltr'>Stans</span> <span class='ocrx_word' id='word_1_143' title='bbox 384 1758 452 1809; x_wconf 87' lang='lat' dir='ltr'>celsa</span> <span class='ocrx_word' id='word_1_144' title='bbox 465 1758 492 1808; x_wconf 92' lang='lat' dir='ltr'>in</span> <span class='ocrx_word' id='word_1_145' title='bbox 505 1759 605 1827; x_wconf 90' lang='lat' dir='ltr'>puppi:</span> <span class='ocrx_word' id='word_1_146' title='bbox 624 1759 740 1827; x_wconf 86' lang='lat' dir='ltr'>clipeum</span> <span class='ocrx_word' id='word_1_147' title='bbox 752 1776 834 1826; x_wconf 89' lang='lat' dir='ltr'>quum</span> <span class='ocrx_word' id='word_1_148' title='bbox 847 1759 941 1810; x_wconf 85' lang='lat' dir='ltr'>deinde</span> <span class='ocrx_word' id='word_1_149' title='bbox 953 1761 1062 1812; x_wconf 84' lang='lat' dir='ltr'>sinistra</span> 
     </span>
     <span class='ocr_line' id='line_1_23' title="bbox 292 1825 988 1881; baseline 0.009 -6"><span class='ocrx_word' id='word_1_150' title='bbox 292 1825 399 1878; x_wconf 83' lang='lat' dir='ltr'>Extulit</span> <span class='ocrx_word' id='word_1_151' title='bbox 411 1828 553 1880; x_wconf 85' lang='lat' dir='ltr'>ardentem.</span> <span class='ocrx_word' id='word_1_152' title='bbox 590 1828 734 1880; x_wconf 82' lang='lat' dir='ltr'>Clamorem</span> <span class='ocrx_word' id='word_1_153' title='bbox 746 1828 779 1880; x_wconf 90' lang='lat' dir='ltr'>ad</span> <span class='ocrx_word' id='word_1_154' title='bbox 792 1828 877 1879; x_wconf 83' lang='lat' dir='ltr'>sidera</span> <span class='ocrx_word' id='word_1_155' title='bbox 889 1828 988 1881; x_wconf 89' lang='lat' dir='ltr'>tollunt</span> 
     </span>
     <span class='ocr_line' id='line_1_24' title="bbox 293 1894 976 1965; baseline 0.004 -20"><span class='ocrx_word' id='word_1_156' title='bbox 293 1894 452 1948; x_wconf 86' lang='lat' dir='ltr'>Dardanidae</span> <span class='ocrx_word' id='word_1_157' title='bbox 465 1914 478 1948; x_wconf 89' lang='lat' dir='ltr'>e</span> <span class='ocrx_word' id='word_1_158' title='bbox 491 1897 590 1960; x_wconf 89' lang='lat' dir='ltr'>muris;</span> <span class='ocrx_word' id='word_1_159' title='bbox 608 1916 666 1965; x_wconf 90' lang='lat' dir='ltr'>spes</span> <span class='ocrx_word' id='word_1_160' title='bbox 679 1899 771 1949; x_wconf 87' lang='lat' dir='ltr'>addita</span> <span class='ocrx_word' id='word_1_161' title='bbox 783 1899 893 1949; x_wconf 86' lang='lat' dir='ltr'>suscitat</span> <span class='ocrx_word' id='word_1_162' title='bbox 907 1898 957 1948; x_wconf 89' lang='lat' dir='ltr'>iras</span> <span class='ocrx_word' id='word_1_163' title='bbox 968 1917 976 1961; x_wconf 77' lang='lat'><em>3</em></span> 
     </span>
    </p>

    <p class='ocr_par' dir='ltr' id='par_1_13' title="bbox 293 1963 1037 2173">
     <span class='ocr_line' id='line_1_25' title="bbox 293 1963 964 2034; baseline 0.004 -19"><span class='ocrx_word' id='word_1_164' title='bbox 293 1963 356 2016; x_wconf 76' lang='lat' dir='ltr'>&#39;lala</span> <span class='ocrx_word' id='word_1_165' title='bbox 367 1982 448 2017; x_wconf 88' lang='lat' dir='ltr'>manu</span> <span class='ocrx_word' id='word_1_166' title='bbox 457 1968 570 2034; x_wconf 86' lang='lat' dir='ltr'>jaciunt.</span> <span class='ocrx_word' id='word_1_167' title='bbox 606 1967 702 2032; x_wconf 85' lang='lat' dir='ltr'>Quales</span> <span class='ocrx_word' id='word_1_168' title='bbox 714 1966 763 2019; x_wconf 85' lang='lat' dir='ltr'>sub</span> <span class='ocrx_word' id='word_1_169' title='bbox 775 1967 887 2018; x_wconf 89' lang='lat' dir='ltr'>nubibus</span> <span class='ocrx_word' id='word_1_170' title='bbox 900 1967 964 2018; x_wconf 89' lang='lat' dir='ltr'>atris</span> 
     </span>
     <span class='ocr_line' id='line_1_26' title="bbox 293 2033 1037 2104; baseline 0.007 -20"><span class='ocrx_word' id='word_1_171' title='bbox 293 2033 448 2101; x_wconf 72' lang='lat' dir='ltr'>Strymoniae</span> <span class='ocrx_word' id='word_1_172' title='bbox 462 2036 527 2088; x_wconf 88' lang='lat' dir='ltr'>dant</span> <span class='ocrx_word' id='word_1_173' title='bbox 539 2037 615 2103; x_wconf 79' lang='lat' dir='ltr'>signa</span> <span class='ocrx_word' id='word_1_174' title='bbox 626 2055 710 2104; x_wconf 83' lang='lat' dir='ltr'>grues,</span> <span class='ocrx_word' id='word_1_175' title='bbox 723 2044 803 2104; x_wconf 88' lang='lat' dir='ltr'>atque</span> <span class='ocrx_word' id='word_1_176' title='bbox 815 2036 914 2087; x_wconf 83' lang='lat' dir='ltr'>aethera</span> <span class='ocrx_word' id='word_1_177' title='bbox 926 2042 1037 2089; x_wconf 88' lang='lat' dir='ltr'>tranant</span> 
     </span>
     <span class='ocr_line' id='line_1_27' title="bbox 294 2103 1001 2173; baseline 0.008 -19"><span class='ocrx_word' id='word_1_178' title='bbox 294 2103 359 2154; x_wconf 76' lang='lat' dir='ltr'>(lum</span> <span class='ocrx_word' id='word_1_179' title='bbox 373 2105 467 2170; x_wconf 81' lang='lat' dir='ltr'>sonitu,</span> <span class='ocrx_word' id='word_1_180' title='bbox 479 2106 641 2173; x_wconf 84' lang='lat' dir='ltr'>fugiuntque</span> <span class='ocrx_word' id='word_1_181' title='bbox 656 2108 739 2160; x_wconf 86' lang='lat' dir='ltr'>Notos</span> <span class='ocrx_word' id='word_1_182' title='bbox 752 2108 864 2158; x_wconf 86' lang='lat' dir='ltr'>clamore</span> <span class='ocrx_word' id='word_1_183' title='bbox 878 2108 1001 2160; x_wconf 87' lang='lat' dir='ltr'>secundo.</span> 
     </span>
    </p>

    <p class='ocr_par' dir='ltr' id='par_1_14' title="bbox 293 2172 904 2243">
     <span class='ocr_line' id='line_1_28' title="bbox 293 2172 904 2243; baseline 0.005 -20"><span class='ocrx_word' id='word_1_184' title='bbox 293 2172 330 2224; x_wconf 90' lang='lat' dir='ltr'>At</span> <span class='ocrx_word' id='word_1_185' title='bbox 344 2173 443 2226; x_wconf 84' lang='lat' dir='ltr'>Rutulo</span> <span class='ocrx_word' id='word_1_186' title='bbox 455 2175 511 2241; x_wconf 83' lang='lat' dir='ltr'>rogi</span> <span class='ocrx_word' id='word_1_187' title='bbox 524 2176 687 2243; x_wconf 87' lang='lat' dir='ltr'>ducibusque</span> <span class='ocrx_word' id='word_1_188' title='bbox 700 2193 731 2227; x_wconf 90' lang='lat' dir='ltr'>ea</span> <span class='ocrx_word' id='word_1_189' title='bbox 742 2176 810 2227; x_wconf 86' lang='lat' dir='ltr'>mira</span> <span class='ocrx_word' id='word_1_190' title='bbox 822 2174 904 2226; x_wconf 88' lang='lat' dir='ltr'>videri</span> 
     </span>
    </p>

    <p class='ocr_par' dir='ltr' id='par_1_15' title="bbox 293 2240 884 2312">
     <span class='ocr_line' id='line_1_29' title="bbox 293 2240 884 2312; baseline 0.007 -21"><span class='ocrx_word' id='word_1_191' title='bbox 293 2240 417 2294; x_wconf 86' lang='lat' dir='ltr'>Ausoniis</span> <span class='ocrx_word' id='word_1_192' title='bbox 428 2262 435 2306; x_wconf 90' lang='lat'>;</span> <span class='ocrx_word' id='word_1_193' title='bbox 454 2245 535 2295; x_wconf 87' lang='lat' dir='ltr'>donec</span> <span class='ocrx_word' id='word_1_194' title='bbox 548 2262 633 2296; x_wconf 85' lang='lat' dir='ltr'>versas</span> <span class='ocrx_word' id='word_1_195' title='bbox 646 2244 679 2296; x_wconf 88' lang='lat' dir='ltr'>ad</span> <span class='ocrx_word' id='word_1_196' title='bbox 693 2244 770 2296; x_wconf 87' lang='lat' dir='ltr'>litora</span> <span class='ocrx_word' id='word_1_197' title='bbox 783 2261 884 2312; x_wconf 84' lang='lat' dir='ltr'>puppes</span> 
     </span>
    </p>

    <p class='ocr_par' dir='ltr' id='par_1_16' title="bbox 295 2310 947 2380">
     <span class='ocr_line' id='line_1_30' title="bbox 295 2310 947 2380; baseline 0.006 -19"><span class='ocrx_word' id='word_1_198' title='bbox 295 2310 456 2378; x_wconf 84' lang='lat' dir='ltr'>Respieiunt‚</span> <span class='ocrx_word' id='word_1_199' title='bbox 470 2320 607 2380; x_wconf 86' lang='lat' dir='ltr'>totumque</span> <span class='ocrx_word' id='word_1_200' title='bbox 620 2314 700 2365; x_wconf 81' lang='lat' dir='ltr'>allabi</span> <span class='ocrx_word' id='word_1_201' title='bbox 713 2314 839 2365; x_wconf 86' lang='lat' dir='ltr'>classibus</span> <span class='ocrx_word' id='word_1_202' title='bbox 852 2331 947 2380; x_wconf 74' lang='lat' dir='ltr'>aequor.</span> 
     </span>
    </p>

    <p class='ocr_par' dir='ltr' id='par_1_17' title="bbox 294 2380 966 2518">
     <span class='ocr_line' id='line_1_31' title="bbox 294 2380 966 2450; baseline 0.009 -21"><span class='ocrx_word' id='word_1_203' title='bbox 294 2380 377 2432; x_wconf 85' lang='lat' dir='ltr'>Ardet</span> <span class='ocrx_word' id='word_1_204' title='bbox 389 2399 456 2448; x_wconf 87' lang='lat' dir='ltr'>apex</span> <span class='ocrx_word' id='word_1_205' title='bbox 470 2384 558 2449; x_wconf 88' lang='lat' dir='ltr'>capiti,</span> <span class='ocrx_word' id='word_1_206' title='bbox 571 2384 709 2450; x_wconf 75' lang='lat' dir='ltr'>cristisque</span> <span class='ocrx_word' id='word_1_207' title='bbox 721 2401 737 2434; x_wconf 85' lang='lat' dir='ltr'>a</span> <span class='ocrx_word' id='word_1_208' title='bbox 750 2384 847 2435; x_wconf 82' lang='lat' dir='ltr'>vertice</span> <span class='ocrx_word' id='word_1_209' title='bbox 859 2383 966 2435; x_wconf 83' lang='lat' dir='ltr'>flamma</span> 
     </span>
     <span class='ocr_line' id='line_1_32' title="bbox 294 2447 966 2518; baseline 0.007 -19"><span class='ocrx_word' id='word_1_210' title='bbox 294 2447 433 2516; x_wconf 84' lang='lat' dir='ltr'>Funditur,</span> <span class='ocrx_word' id='word_1_211' title='bbox 446 2459 473 2503; x_wconf 88' lang='lat' dir='ltr'>et</span> <span class='ocrx_word' id='word_1_212' title='bbox 486 2459 571 2504; x_wconf 86' lang='lat' dir='ltr'>vastos</span> <span class='ocrx_word' id='word_1_213' title='bbox 584 2453 662 2503; x_wconf 89' lang='lat' dir='ltr'>umbo</span> <span class='ocrx_word' id='word_1_214' title='bbox 675 2453 757 2504; x_wconf 89' lang='lat' dir='ltr'>vomit</span> <span class='ocrx_word' id='word_1_215' title='bbox 770 2470 864 2504; x_wconf 87' lang='lat' dir='ltr'>aureus</span> <span class='ocrx_word' id='word_1_216' title='bbox 877 2453 966 2518; x_wconf 82' lang='lat' dir='ltr'>ignes:</span> 
     </span>
    </p>

    <p class='ocr_par' dir='ltr' id='par_1_18' title="bbox 294 2518 956 2656">
     <span class='ocr_line' id='line_1_33' title="bbox 294 2518 956 2587; baseline 0.008 -18"><span class='ocrx_word' id='word_1_217' title='bbox 294 2518 353 2570; x_wconf 91' lang='lat' dir='ltr'>Non</span> <span class='ocrx_word' id='word_1_218' title='bbox 367 2537 440 2571; x_wconf 87' lang='lat' dir='ltr'>secus</span> <span class='ocrx_word' id='word_1_219' title='bbox 452 2538 482 2572; x_wconf 92' lang='lat' dir='ltr'>ac</span> <span class='ocrx_word' id='word_1_220' title='bbox 495 2521 595 2584; x_wconf 80' lang='lat' dir='ltr'>liquida</span> <span class='ocrx_word' id='word_1_221' title='bbox 608 2522 628 2572; x_wconf 90' lang='lat' dir='ltr'>si</span> <span class='ocrx_word' id='word_1_222' title='bbox 643 2522 748 2587; x_wconf 86' lang='lat' dir='ltr'>quando</span> <span class='ocrx_word' id='word_1_223' title='bbox 761 2529 836 2572; x_wconf 87' lang='lat' dir='ltr'>nocte</span> <span class='ocrx_word' id='word_1_224' title='bbox 849 2531 956 2574; x_wconf 80' lang='lat' dir='ltr'>cornetae</span> 
     </span>
     <span class='ocr_line' id='line_1_34' title="bbox 294 2587 935 2656; baseline 0.006 -18"><span class='ocrx_word' id='word_1_225' title='bbox 294 2587 437 2655; x_wconf 77' lang='lat' dir='ltr'>Sanguinei</span> <span class='ocrx_word' id='word_1_226' title='bbox 450 2591 561 2656; x_wconf 82' lang='lat' dir='ltr'>lugubre</span> <span class='ocrx_word' id='word_1_227' title='bbox 573 2591 676 2655; x_wconf 82' lang='lat' dir='ltr'>rubent,</span> <span class='ocrx_word' id='word_1_228' title='bbox 689 2599 736 2642; x_wconf 89' lang='lat' dir='ltr'>aut</span> <span class='ocrx_word' id='word_1_229' title='bbox 749 2592 831 2643; x_wconf 81' lang='lat' dir='ltr'>Sirius</span> <span class='ocrx_word' id='word_1_230' title='bbox 843 2592 935 2642; x_wconf 86' lang='lat' dir='ltr'>ardor:</span> 
     </span>
    </p>

    <p class='ocr_par' dir='ltr' id='par_1_19' title="bbox 272 2655 944 2805">
     <span class='ocr_line' id='line_1_35' title="bbox 285 2655 944 2731; baseline 0.005 -22"><span class='ocrx_word' id='word_1_231' title='bbox 285 2655 339 2711; x_wconf 84' lang='lat' dir='ltr'>Ille</span> <span class='ocrx_word' id='word_1_232' title='bbox 350 2658 425 2713; x_wconf 85' lang='lat' dir='ltr'>sitim</span> <span class='ocrx_word' id='word_1_233' title='bbox 437 2658 593 2731; x_wconf 84' lang='lat' dir='ltr'>morbosque</span> <span class='ocrx_word' id='word_1_234' title='bbox 605 2661 689 2712; x_wconf 83' lang='lat' dir='ltr'>ferens</span> <span class='ocrx_word' id='word_1_235' title='bbox 702 2660 855 2712; x_wconf 79' lang='lat' dir='ltr'>mortalibus</span> <span class='ocrx_word' id='word_1_236' title='bbox 868 2662 944 2725; x_wconf 75' lang='lat' dir='ltr'>aegris</span> 
     </span>
     <span class='ocr_line' id='line_1_36' title="bbox 272 2727 928 2805; baseline -0.005 -22"><span class='ocrx_word' id='word_1_237' title='bbox 272 2727 420 2805; x_wconf 85' lang='lat' dir='ltr'>Nascitur,</span> <span class='ocrx_word' id='word_1_238' title='bbox 434 2741 462 2790; x_wconf 87' lang='lat' dir='ltr'>et</span> <span class='ocrx_word' id='word_1_239' title='bbox 475 2735 545 2790; x_wconf 81' lang='lat' dir='ltr'>laevo</span> <span class='ocrx_word' id='word_1_240' title='bbox 559 2732 704 2788; x_wconf 82' lang='lat' dir='ltr'>contristat</span> <span class='ocrx_word' id='word_1_241' title='bbox 711 2730 815 2782; x_wconf 76' lang='lat' dir='ltr'>laudae</span> <span class='ocrx_word' id='word_1_242' title='bbox 827 2730 928 2780; x_wconf 66' lang='lat' dir='ltr'>eoelum.</span> 
     </span>
    </p>
   </div>
   <div class='ocr_carea' id='block_1_4' title="bbox 302 2797 941 2868">
    <p class='ocr_par' dir='ltr' id='par_1_20' title="bbox 302 2797 941 2868">
     <span class='ocr_line' id='line_1_37' title="bbox 302 2797 941 2868; baseline -0.028 -7"><span class='ocrx_word' id='word_1_243' title='bbox 302 2803 397 2863; x_wconf 80' lang='lat' dir='ltr'>Haud</span> <span class='ocrx_word' id='word_1_244' title='bbox 415 2816 515 2868; x_wconf 73' lang='lat' dir='ltr'>tamen</span> <span class='ocrx_word' id='word_1_245' title='bbox 527 2808 632 2867; x_wconf 82' lang='lat' dir='ltr'>audaci</span> <span class='ocrx_word' id='word_1_246' title='bbox 642 2805 738 2860; x_wconf 75' lang='lat' dir='ltr'>&#39;lumo</span> <span class='ocrx_word' id='word_1_247' title='bbox 749 2799 853 2852; x_wconf 64' lang='lat' dir='ltr'>tuscia</span> <span class='ocrx_word' id='word_1_248' title='bbox 862 2797 941 2845; x_wconf 69' lang='lat' dir='ltr'>cessit</span> 
     </span>
    </p>
   </div>
   <div class='ocr_carea' id='block_1_5' title="bbox 0 0 1356 3242">
    <p class='ocr_par' dir='ltr' id='par_1_21' title="bbox 0 0 1356 3242">
     <span class='ocr_line' id='line_1_38' title="bbox 0 0 1356 3242; baseline 0 0"><span class='ocrx_word' id='word_1_249' title='bbox 0 0 1356 3242; x_wconf 95' lang='lat' dir='ltr'> </span> 
     </span>
    </p>
   </div>
  </div>
 </body>
</html>
