2700 3242
247 342 299 394 386
594 334 721 388 CULEX.

243 434 368 488 Sensibus
380 434 498 486 infusum
510 434 606 486 Culicis
619 435 651 486 de
663 441 746 486 morte
758 433 880 486 dolorem.

244 505 493 572 Quantumcumque
505 504 554 555 sibi
566 505 633 557 vires
646 505 761 556 tribuere
773 503 873 567 seniles,

245 573 336 639 (Queis
348 579 437 625 tamen
449 573 575 625 infestum
587 591 709 640 pugnans
721 573 853 625 devicerat
864 572 979 640 hostem)

246 642 343 694 Rivum
355 648 460 711 propter
472 659 553 710 aguae,
566 642 645 695 viridi
657 643 705 694 sub
717 642 809 694 fronde
821 642 949 694 latentem

245 712 411 764 Gonformare
423 711 510 763 locum
522 711 593 779 capit
604 711 730 779 impiger:
747 711 819 763 hunc
831 716 859 763 et
870 711 899 762 in
911 711 1000 764 orbem

245 780 377 847 Destinat,
389 797 420 833 ao
432 781 494 832 ferri
506 780 631 848 capulum
642 781 767 848 repetivit
778 781 807 832 in
819 799 904 846 usum,

247 849 414 902 Gramineam
425 858 456 900 ut
467 849 546 901 viridi
558 850 658 902 foderet
670 850 703 902 de
715 850 813 918 cespite
825 855 929 902 terram

246 918 267 971 J
267 936 311 970 am
321 935 420 970 memor
431 919 567 987 inceptum
578 936 706 988 peragens
718 919 767 970 sibi
779 937 843 972 cura
854 919 970 971 laborem

248 987 407 1056 Congestum
420 988 565 1040 cumulavit
577 1005 649 1056 opus,
662 993 743 1056 atque
754 1005 849 1056 aggere
860 988 945 1041 multo

248 1056 360 1108 Telluris
371 1057 491 1109 tumulus
502 1057 645 1109 formatum
657 1058 740 1110 crevit
751 1058 780 1109 in
792 1057 893 1110 orbem:

250 1125 334 1188 Quem
346 1125 444 1177 circum
455 1126 571 1195 lapidem
582 1126 643 1179 laevi
656 1127 688 1179 de
700 1144 828 1178 marmore
839 1127 955 1179 formans

250 1195 367 1247 conserit
378 1194 490 1248 assisina
502 1212 571 1247 curae
583 1213 689 1249 memor.
724 1196 777 1248 Hic
788 1201 815 1247 et
827 1197 964 1264 acanthus,

249 1262 286 1316 Et
296 1281 354 1316 rosa
365 1281 496 1333 purpureo
508 1265 600 1317 crescit
611 1265 759 1317 rubicunda
770 1267 860 1333 colore,

249 1331 286 1386 Et
297 1333 373 1386 violae
385 1350 467 1401 genus
480 1351 570 1398 omne;
587 1335 631 1386 hic
643 1340 684 1386 est
696 1339 723 1387 et
735 1334 854 1402 Spartica
865 1340 970 1402 myrtus

250 1401 340 1470 Atque
352 1402 518 1470 hyacinthus,
531 1408 558 1456 et
570 1403 614 1456 hic
626 1404 701 1456 Cilici
713 1421 803 1456 crocus
815 1405 902 1456 editus
913 1422 984 1470 arvo,

251 1470 353 1524 Laurus
365 1472 429 1524 item
441 1472 534 1525 Phoebi
546 1490 654 1541 surgens
666 1473 761 1536 decus3
779 1473 823 1525 hic
833 1473 1031 1542 rhododaphne‚

252 1539 379 1610 liliaque,
392 1546 419 1594 et
430 1542 495 1593 roris
507 1559 560 1594 non
572 1543 632 1595 aria
644 1560 707 1595 cura
718 1542 821 1608 marini,

252 1609 394 1679 Herbaque
405 1611 492 1663 thuris
504 1629 564 1680 opes
576 1612 667 1680 priscis
679 1612 784 1664 imitata
796 1611 900 1678 Sabina,

253 1679 491 1748 Chrysanthusque,
504 1681 657 1749 hederaeque
668 1682 739 1733 nitor
750 1681 865 1749 pallente
877 1681 999 1749 corymbo

253 1747 289 1802 Et
301 1749 419 1801 Bocchus
432 1749 520 1816 Libyae
532 1751 602 1817 regis
613 1767 726 1814 memor;
744 1751 788 1802 hio
800 1758 959 1818 amarantus,

254 1817 447 1887 Bumastusque
459 1821 554 1881 virens,
566 1827 593 1871 et
605 1837 705 1888 semper
718 1820 809 1871 florida
821 1819 907 1887 pinus.

253 1886 280 1939 N
281 1905 314 1940 ou
326 1888 400 1940 illinc
413 1889 549 1939 Narcissus
561 1888 642 1954 abest,
655 1889 699 1940 cui
711 1888 793 1956 gloria
804 1889 894 1941 formae

255 1956 322 2024 Igne
335 1957 478 2026 Cupidineo
490 1957 607 2025 proprios
619 1958 717 2009 exarsit
729 1958 757 2009 in
769 1964 848 2013 artus.

255 2025 292 2078 Et
304 2044 480 2095 quoscumque
491 2032 591 2080 norant
603 2027 741 2079 vernantia
752 2033 870 2095 tempora
881 2027 963 2093 flores,

256 2095 307 2148 His
319 2095 438 2147 tumulus
451 2113 528 2164 super
539 2096 674 2148 inseritur:
692 2101 752 2144 tum
764 2094 849 2148 fronte
861 2097 963 2149 locatur

256 2164 387 2232 Eloginm
400 2165 482 2217 tacita
493 2166 589 2217 format
602 2163 669 2232 quod
682 2162 759 2213 litera
771 2178 844 2216 voce:

256 2232 343 2287 Parve
357 2233 444 2301 Culex,
452 2233 582 2303 pecudum
594 2230 731 2286 aaronita·
742 2231 792 2284 tale
803 2234 911 2287 merenti

257 2301 373 2356 Formis
385 2303 496 2373 officium
508 2303 568 2357 oitoe
575 2321 626 2371 pro
638 2321 744 2356 mersere
757 2305 845 2358 reddat.
