2700 3242
272 301 326 354 136
503 300 532 354 Ρ.
551 300 707 354 VlltGlLII
727 300 888 353 ltIARONIS

275 399 368 466 linqui
381 399 513 468 pollutum
526 399 677 467 hospitium,
690 406 717 451 ct
730 398 792 450 dare
804 398 929 451 classibus
941 398 1061 453 Austros.

272 469 340 536 Ergo
353 470 531 520 instauramus
544 469 671 536 Polydoro
685 469 773 533 funus,
786 474 813 520 et
825 469 919 535 ingens

272 537 414 604 Aggeritur
426 538 529 589 tumulo
542 538 621 590 tellus
632 556 639 600 ;
658 543 731 589 stant
742 536 865 588 manibus
876 554 938 604 aras,

272 606 394 658 Caeruleis
407 613 504 658 maestae
517 607 592 658 vittis
604 613 713 674 atraque
726 623 855 674 cupresso,

272 674 307 726 Ilt
320 677 419 727 circum
431 675 528 728 Iliadas
540 676 639 727 crinem
652 676 684 727 de
696 692 767 726 more
780 675 890 729 solutae:

271 744 412 812 Inferimus
425 745 515 813 tepido
528 745 680 812 spumantia
692 744 796 812 cymbia
807 745 884 811 lacte,

271 813 413 878 Sanguinis
426 821 453 867 et
466 813 533 865 sacri
544 819 664 881 pateras:
683 814 851 881 ruinamque
863 813 982 881 sepulcro

271 883 419 947 Condimus,
432 888 459 935 et
471 900 568 949 magne
580 900 731 950 supremum
745 899 807 934 voce
820 883 924 934 ciamus.

309 950 323 976 “
333 949 400 1001 lnde
412 948 459 1000 ubi
471 950 557 1017 prima
568 948 633 1000 fides
645 947 744 1014 pelago,
757 947 914 1015 placataque
926 947 999 1001 venti

270 1015 343 1068 Dant
355 1018 445 1083 maria,
458 1023 485 1068 et
497 1017 564 1068 lenis
576 1017 709 1084 crepitans
721 1021 798 1068 vocat
806 1017 904 1069 Auster
916 1016 944 1067 in
956 1016 1052 1082 altum,
1082 1020 1113 1071 70

270 1085 489 1144 Deducuntsocii
501 1103 588 1152 naves,
601 1091 628 1137 et
640 1085 719 1137 litora
731 1085 871 1152 complent.

270 1153 443 1208 Provehimur
455 1160 541 1222 portu,
553 1161 683 1222 terraeque
695 1154 824 1221 urbesque
835 1153 970 1208 recedunt

270 1223 350 1277 Sacra
361 1224 428 1276 mari
441 1224 536 1276 colitur
547 1223 633 1275 medio
645 1223 796 1290 gratissima
808 1222 889 1275 tellus

269 1292 415 1346 Nereidum
426 1293 506 1345 matri
517 1297 544 1345 ct
555 1292 681 1360 Neptuno
692 1292 798 1359 AEgae03

270 1361 356 1425 Quam
368 1362 427 1431 pius
439 1361 602 1428 Arcitenens,
615 1379 671 1413 oras
684 1369 712 1412 et
723 1361 801 1414 litora
812 1360 913 1414 circum

269 1431 417 1498 Errantem,
430 1430 542 1498 Mycono
555 1449 569 1484 e
581 1432 649 1484 celsa
662 1432 801 1501 Gyaroque
812 1432 937 1496 revinxit,

270 1499 462 1568 Immotumque
474 1499 525 1552 coli
537 1499 611 1551 dedit
620 1505 647 1551 et
659 1506 824 1550 contemnere
837 1505 936 1551 ventos.

269 1569 331 1621 Huc
342 1570 428 1632 feror;
446 1569 502 1621 haec
514 1569 594 1620 fessos
607 1574 665 1620 tuto
677 1567 854 1635 placidissima
866 1574 945 1635 portu

270 1637 382 1707 Accipit.
412 1637 517 1706 Egressi
529 1654 686 1690 veneramur
697 1637 828 1705 Apollinis
839 1636 939 1689 urbem.

270 1707 328 1760 Rex
340 1706 432 1773 Anius,
444 1724 492 1759 rex
504 1707 575 1758 idcm
586 1706 725 1758 homiuum
737 1705 882 1774 Phoebique
893 1705 1020 1774 sacerdos,
1080 1710 1115 1761 80

270 1776 352 1829 Vittis
364 1783 391 1828 ct
403 1793 475 1828 sacra
487 1776 625 1827 redimitus
637 1781 755 1843 tempora
767 1776 843 1827 lauro

269 1845 407 1909 Occurrit3
425 1852 540 1898 veterem
553 1845 687 1897 Anchisen
699 1844 818 1911 agnoscit
830 1844 953 1899 amicum.

269 1914 289 1968 J
289 1916 414 1983 ungimus
426 1914 539 1983 hospitio
552 1914 666 1981 dextras,
678 1920 705 1966 et
718 1920 789 1966 tecta
801 1913 926 1966 subimus.

269 1984 378 2053 Templa
390 1984 433 2036 dei
444 2001 508 2036 saxo
520 1983 662 2036 venerabar
674 1989 775 2035 structa
787 1989 908 2036 vetusto:

269 2054 327 2105 ‘Da
340 2051 478 2120 propriam,
491 2049 652 2117 Thymbrae,
664 2051 772 2102 domum
784 2056 790 2106 l
810 2052 844 2104 de
855 2053 953 2105 moenia
964 2053 1041 2108 fessis

269 2122 304 2174 Et
317 2138 399 2189 genus
414 2126 442 2172 et
458 2136 609 2171 mansuram
621 2119 729 2169 urbem!
761 2118 842 2170 Serva
853 2119 936 2171 altera
948 2119 1034 2186 Trojae

269 2190 405 2258 Pergama,
417 2188 542 2256 reliquias
553 2187 676 2238 Danaum
689 2192 768 2254 atque
780 2187 889 2238 immitis
902 2187 1016 2243 Achilli!

270 2260 354 2324 Quem
366 2259 498 2327 sequimur
508 2257 518 2309 l
536 2273 621 2324 quove
632 2257 670 2307 ire
678 2255 756 2324 jubes
766 2255 775 2308 l
793 2255 839 2306 ubi
851 2274 947 2324 ponere
959 2257 1051 2313 sedcsl

265 2329 316 2425 Da,
326 2335 409 2449 pater,
422 2327 572 2394 augurium,
584 2331 664 2393 atque
676 2327 772 2378 animis
783 2327 892 2408 illabere
904 2331 1015 2383 nostris!

267 2398 1037 2535 lmlttlttttttletietttttnttll‘lm
1078 2402 1113 2454 ⁰⁰

267 2534 344 2587 Mons
357 2537 463 2602 circum,
476 2542 503 2587 et
514 2533 617 2600 mugire
630 2533 718 2600 adytis
731 2535 832 2587 eortina
843 2536 958 2589 reclusis.

266 2604 394 2656 Submissi
406 2605 521 2672 petimus
535 2610 638 2669 terram,
651 2609 678 2654 et
690 2620 742 2654 vox
753 2605 838 2656 fertur
849 2605 884 2657 ad
896 2623 984 2659 aures:

270 2673 446 2726 ‘Dardanides
460 2674 528 2738 duri,
541 2690 599 2740 quae
611 2691 657 2726 vos
668 2691 686 2725 a
699 2673 779 2740 stirpe
792 2680 931 2738 parentum

255 2741 349 2796 Prr'rrra
362 2742 427 2797 tulit
440 2743 527 2815 tellus,
541 2743 634 2799 eadem
645 2759 692 2797 vos
702 2742 784 2796 ubere
793 2743 854 2794 laeto

236 2810 370 2882 Accipiet
379 2815 504 2875 reduces.
535 2816 694 2890 Antiquam
706 2812 844 2884 qumrite
852 2817 977 2862 matrem.
