2700 3242
507 311 710 365 eucnemon
727 313 794 366 LlB.
813 313 849 367 ll.
1057 320 1089 368 53

254 415 415 467 Procurvam
427 418 582 481 exspectant
593 412 690 465 falcem
701 419 850 483 rastrosque
862 421 974 482 tenaces,

250 479 344 540 Quum
356 482 435 534 semel
448 482 581 534 haeserunt
593 482 663 534 arvis
675 500 804 550 aurasque
816 483 943 538 tulerunt.

254 551 316 620 Ipsa
328 551 393 603 satis
405 551 492 617 tellus,
504 568 587 618 quum
599 551 679 602 dente
690 551 837 603 recluditur
848 570 924 618 unco,

252 621 359 676 Sufficit
370 621 515 686 humorem,
527 626 554 671 et
566 620 695 686 gravidas,
708 638 769 672 cum
781 638 892 686 vomere,
903 622 1001 689 finges.

254 689 313 742 Hoc
325 690 453 758 pinguem
465 695 492 740 et
504 687 630 756 placitam
642 688 707 741 Paci
718 690 834 741 nutritor
845 690 948 742 olivam.

288 758 372 810 Poma
383 774 494 826 quoque,
506 764 538 809 ut
549 758 665 825 primum
676 765 782 810 truncos
795 775 895 810 sensere
906 759 1022 811 valentes

254 826 290 880 Et
301 827 370 880 vires
382 826 497 878 habuere
509 843 576 893 suas,
588 826 622 878 ad
634 826 720 878 sidera
730 827 828 895 raptim

254 895 289 948 Vi
301 895 407 965 propria
417 895 549 960 nituntur,
562 895 669 963 opisque
681 896 753 947 haud
765 896 856 963 indiga
868 901 970 949 nostra.

254 964 310 1017 Nec
321 964 411 1015 minus
422 964 524 1016 interea
535 964 593 1015 fetu
604 980 698 1016 nemus
710 981 786 1016 omne
845 966 934 1031 vescit,

254 1032 464 1101 Smfflrineisque
475 1032 577 1084 inculta
587 1039 685 1084 rubent
696 1033 796 1085 aviaria
870 1034 909 1098 is;
1046 1037 1098 1087 4th

254 1101 409 1154 'londentur
420 1101 506 1169 cytisi,
518 1102 601 1154 taedas
613 1102 680 1154 silva
691 1102 747 1154 alta
757 1103 898 1169 ministrat,

254 1170 455 1238 Pascunturque
467 1170 541 1238 ignes
553 1171 676 1223 nocturni
689 1178 716 1224 et
728 1171 829 1224 lumina
839 1172 957 1224 fundunt
970 1191 975 1224 :

253 1239 290 1292 Et
302 1239 428 1292 dubitant
440 1239 557 1291 homines
570 1257 652 1291 serere
664 1247 745 1307 atque
756 1241 906 1308 impendere
918 1259 1007 1292 curaui

254 1308 326 1373 Quid
337 1312 438 1377 majora
450 1308 564 1376 sequarl
582 1309 673 1360 salices
685 1309 849 1376 humilesque
860 1324 982 1376 genesta,

254 1378 310 1430 Aut
322 1377 376 1430 illa
389 1377 476 1446 pecori
487 1377 606 1429 frondem
618 1383 666 1429 aut
676 1377 825 1446 pastoribus
836 1377 942 1430 umbras

254 1445 404 1513 Sufficiunt,
417 1462 557 1515 sepemque
568 1447 639 1514 satis,
651 1452 680 1498 et
691 1445 789 1514 pabula
799 1446 879 1499 melli

253 1514 290 1568 ut
297 1517 379 1584 juvat
391 1515 537 1568 undantem
549 1515 620 1567 buxo
631 1519 749 1585 spectare
762 1515 894 1583 Cytormu‚

253 1584 427 1653 Naryciaeque
457 1583 505 1636 icis
516 1583 605 1648 lucos;
619 1583 697 1651 juval
711 1601 774 1636 arva
785 1585 874 1637 videre

253 1652 314 1707 Non
326 1653 425 1720 rastris,
437 1601 573 1704 hominum
585 1670 638 1705 non
649 1652 700 1706 ulli
712 1653 824 1706 obnoxia
836 1671 912 1707 curae.

254 1721 322 1790 Ipsa
335 1722 460 1775 Caucasio
473 1721 573 1774 steriles
584 1721 614 1773 in
625 1722 723 1775 vertice
735 1723 815 1784 silva,
1045 1727 1096 1774 440

255 1791 326 1855 Quas
338 1791 449 1844 animosi
460 1789 526 1843 Euri
539 1791 643 1843 assidue
655 1791 835 1856 franguntque
849 1787 996 1859 ieurutque,

253 1859 327 1913 Dant
339 1859 404 1913 alios
415 1859 475 1912 aliae
486 1860 574 1912 setus:
591 1858 658 1911 dant
669 1860 736 1911 utile
748 1859 851 1926 lignum

252 1928 374 1998 Navigiis
385 1929 468 2010 pinos,
480 1926 600 1980 domibus
612 1928 769 1997 cedrumque
781 1946 972 1998 cupressosque.

253 1997 326 2050 Hinc
337 1997 424 2050 radios
435 1999 531 2049 trivere
542 1996 613 2062 rotis,
625 1996 688 2049 binc
701 2002 827 2065 tympana
839 1998 963 2066 plaustris

252 2066 392 2135 Agricolae,
404 2065 543 2186 eqaplendae
554 2064 656 2118 ratibus
668 2083 777 2133 posuere
788 2067 889 2119 carinas
900 2085 906 2119 :

253 2135 404 2187 Viminibus
466 2151 508 2186 ces
519 2134 646 2200 secunda,
658 2135 795 2186 frondibus
806 2136 881 2200 ulmi,

252 2204 290 2257 At
301 2210 405 2272 myrtus
418 2200 511 2255 validis
523 2202 670 2265 hastilibus,
683 2210 711 2256 et
722 2203 791 2256 bona
802 2204 870 2256 bello

253 2273 353 2326 Cornus
363 2291 371 2336 ;
389 2273 499 2325 Ituraeos
511 2272 569 2324 taxi
579 2277 737 2340 torquentur
748 2273 777 2323 in
789 2289 871 2325 arcus.

252 2342 309 2395 Nec
320 2342 387 2395 tiliae
399 2341 469 2393 leves
481 2345 529 2393 aut
540 2346 615 2394 torno
627 2340 705 2393 rasile
716 2341 818 2392 buxum

252 2411 312 2464 Non
324 2412 437 2463 formam
448 2409 582 2478 accipiunt
592 2409 712 2477 ferroque
725 2417 853 2462 cavantur
865 2419 949 2462 acuto.
1045 2417 1095 2466 450

253 2479 308 2532 Nec
319 2497 374 2532 non
385 2485 413 2532 et
424 2484 566 2531 torrentem
577 2478 678 2530 undam
689 2478 754 2530 levis
766 2478 870 2531 innatat
882 2481 965 2541 aluus,

253 2547 335 2601 Missa
346 2548 434 2604 Pado:
451 2564 565 2601 necnon
577 2554 604 2598 et
616 2564 678 2614 apes
690 2548 812 2599 examina
824 2549 941 2601 condunt

254 2615 450 2686 (lorticibusque
462 2615 532 2668 cavis
544 2616 696 2682 vitiosaque
708 2615 776 2667 ilicis
788 2617 868 2670 alveo.

254 2685 323 2749 Quid
337 2684 534 2737 memorandum
546 2700 619 2752 aeque
631 2684 763 2736 Baccheia
774 2685 843 2738 dona
854 2686 990 2741 tuleruntl

252 2753 373 2810 Bacchus
384 2753 455 2805 etad
468 2753 572 2822 culpam
585 2769 679 2810 causas
691 2754 785 2828 dedit;
803 2749 850 2816 ille
860 2757 987 2816 {mentes
