2700 3242
267 327 299 382 lo
502 329 530 383 P.
544 329 700 383 VIRCILII
719 330 883 386 MABONIS

465 440 603 494 ECLOGA
615 441 679 494 VII.
716 442 917 498 MELIBOEUS.

431 563 584 602 MELIBOEUS.
638 564 773 602 CCBYDON.
827 565 953 604 duisels.

243 639 245 643 ’
291 642 363 696 Man
382 642 461 696 Forte
473 642 522 695 suh
534 647 630 711 arguta
642 642 795 695 consederat
807 642 867 695 ilice
879 642 1007 710 Daphnis,

268 712 508 782 compulerantque
520 730 611 780 greges
624 712 744 780 Corydon
756 716 784 764 et
796 712 903 780 Thyrsis
915 713 944 763 in
956 728 1048 779 unum,

267 781 376 850 Thyrsis
388 799 456 850 oves,
469 781 589 850 Corydon
600 781 729 833 distentas
741 781 811 833 lacte
823 781 944 850 capellas,

268 849 353 903 Ambo
364 850 487 904 florentes
499 850 630 918 aetatibus,
642 849 757 903 Arcades
770 849 853 918 ambo,

267 919 303 973 Et
316 926 423 974 cantare
453 937 517 987 ares,
530 928 557 972 et
568 919 724 988 respondere
735 919 830 988 parati.

267 989 331 1043 Huc
342 990 417 1057 mihi,
430 939 494 1042 <ihm
506 996 609 1042 teneras
622 988 734 1040 defendo
746 1006 762 1040 a
774 989 870 1056 frigore
882 993 989 1056 myrtos,

268 1058 317 1110 Vir
328 1059 416 1128 gregis
428 1059 437 1110 i
457 1076 483 1111 se
496 1075 573 1127 caper
585 1057 764 1110 deerraverat:
782 1064 863 1126 atque
875 1075 922 1125 ego
935 1058 1061 1127 Daphnin

268 1127 403 1248 pppicio.d
420 1077 470 1179 liic
477 1125 585 1247 hbhhoee
594 1131 686 1178 contra
697 1126 786 1246 vippt:
806 1125 1038 1246 “lOciusg’ilinpuit,

269 1263 306 1316 a
319 1211 966 1332 titichiptotthuhvhht
986 1213 1012 1260 ¹’
1079 1267 1100 1314 r

269 1327 332 1382 Huc
344 1329 395 1410 ipsi
407 1335 501 1398 potum
512 1330 620 1384 venient
631 1347 679 1401 per
690 1336 768 1401 prata
776 1332 884 1399 juvenci
894 1351 902 1398 ;

270 1397 324 1450 Hic
335 1399 431 1452 vuides
443 1404 535 1452 tenera
546 1401 670 1469 praetexit
682 1401 812 1454 arundine
823 1402 894 1472 ripas

270 1464 396 1534 Mincius,
409 1485 476 1536 eque
488 1485 561 1521 sacra
573 1475 697 1522 resonant
709 1471 832 1523 examina
844 1487 949 1539 quercu.

270 1532 340 1599 Quid
348 1537 478 1590 facerem?
494 1555 579 1606 neque
587 1555 634 1605 ego
640 1537 777 1607 Alcippen,
785 1556 834 1590 nec
842 1539 966 1606 Phyllida
973 1538 1100 1592 habebam

269 1603 398 1671 Depulsos
410 1622 427 1658 a
438 1606 508 1658 lacte
520 1607 590 1658 domi
603 1623 662 1674 quae
675 1605 810 1659 clauderet
822 1624 902 1674 agnos
913 1625 920 1670 ;

268 1673 305 1726 Et
316 1680 449 1727 certamen
461 1681 518 1728 erat
530 1675 649 1743 Corydon
661 1693 722 1727 curn
735 1675 863 1742 Thyrside
875 1693 1009 1743 magnum

269 1741 414 1796 Posthabui
426 1749 516 1797 tamen
528 1744 633 1796 iliorum
645 1761 704 1796 mea
716 1745 783 1796 seria
795 1745 864 1797 ludo.

274 1812 392 1866 Alternis
404 1813 487 1881 igitur
498 1813 656 1866 contendere
668 1813 785 1866 versibus
797 1813 873 1866 ambo

270 1881 390 1951 Coepere;
408 1883 523 1936 alternos
534 1883 620 1934 Museo
632 1882 781 1935 meminisse
794 1883 923 1936 volebant.

268 1950 325 2004 Hos
339 1951 465 2020 Corydon,
477 1952 536 2004 illos
548 1951 678 2005 referebat
690 1952 718 2003 in
731 1953 821 2005 ordine
834 1953 947 2021 Thyrsis.
1083 1959 1099 2007 2

286 2021 350 2073 Con.
362 2021 501 2089 Nymphae,
509 2027 597 2074 noster
606 2038 687 2090 amor,
692 2020 863 2088 Libethrides,
872 2029 919 2075 aut
928 2022 994 2074 milri
1005 2040 1100 2077 carmes

269 2089 353 2154 Quale
364 2107 422 2143 meo
435 2091 523 2158 Codro,
537 2091 671 2144 concedite
682 2110 689 2156 3
707 2092 827 2161 proxima
840 2091 932 2143 Phoebi

269 2157 393 2212 Versibus
405 2159 450 2212 ille
462 2160 527 2213 facit
534 2179 541 2225 ;
559 2166 607 2213 aut
620 2161 641 2212 si
653 2178 707 2212 non
719 2178 856 2229 possumus
869 2179 965 2230 omnes,

268 2226 322 2282 Hic
334 2235 429 2296 arguta
441 2247 514 2282 sacra
526 2229 651 2298 pendebit
663 2230 753 2282 fistula
765 2231 838 2299 pinu

291 2298 362 2352 Tur.
381 2299 508 2367 Pastores,
521 2300 617 2352 hedera
630 2306 789 2353 crescentem
801 2306 892 2352 ornate
904 2303 1018 2370 podtam,

267 2367 390 2434 Arcades,
403 2369 504 2422 invidia
515 2375 674 2438 rumpantur
686 2375 718 2422 ut
730 2370 776 2421 ilia
790 2370 872 2422 Codro
883 2389 890 2434 ;

268 2436 324 2490 Aut
337 2439 358 2490 si
370 2438 442 2491 ultra
454 2440 583 2508 placitum
596 2440 719 2505 laudarit,
733 2439 839 2493 irascare
852 2442 965 2493 frontem

268 2506 380 2575 Cingite‚
392 2526 426 2560 ne
439 2510 494 2561 vati
505 2516 598 2562 noceat
610 2510 681 2562 mala
695 2509 788 2576 lingua
800 2512 898 2563 futuro.

292 2576 354 2630 Con.
374 2577 465 2629 Saetosi
478 2585 559 2646 caput
571 2579 620 2631 hoc
633 2580 690 2648 apri
704 2579 761 2646 tibi,
774 2581 857 2647 Delia,
870 2598 967 2648 parvus

268 2644 303 2698 Et
315 2664 416 2698 ramosa
428 2646 517 2698 Micon
529 2649 627 2699 vivacis
641 2666 738 2701 cornua
751 2651 826 2701 cerri.
1081 2655 1097 2703 3

254 2713 439 2788 &proprium
452 2717 502 2767 hoc
515 2717 603 2784 fuerit,
616 2718 667 2770 levi
682 2719 714 2769 de
726 2736 854 2770 marmore
867 2725 923 2770 tota

235 2772 366 2829 l’unreeo
376 2784 466 2834 stobr's
477 2803 556 2838 suras
569 2787 679 2842 evincta
692 2789 829 2842 cothurno.

244 2832 319 2886 fer
341 2845 446 2902 Sinum
459 2853 545 2911 lactis
559 2866 589 2915 ct
602 2861 665 2918 haec
680 2869 707 2919 te
720 2861 788 2935 liba,
797 2860 908 2934 Priape,
918 2859 1064 2930 quoiam*
