2700 3242
524 262 693 319 AENEIDOS
710 265 777 321 LIB.
796 267 833 322 ΙΙ.

251 363 293 419 Sit
305 382 401 433 eomes,
412 369 442 434 et
452 365 531 434 lenge
543 373 627 420 servet
639 369 751 436 vestigia
763 371 870 436 conjux,-

252 434 314 501 Ves,
325 434 431 502 famuli,
444 452 502 504 quae
515 436 608 503 dicam,
620 437 716 489 animis
728 437 857 491 advertite
870 438 968 492 vestris.

251 502 301 557 Est
313 503 380 556 urbe
392 505 502 572 egressis
514 504 634 558 tumulus
646 504 827 574 templumque
840 514 975 560 vetustum

250 573 371 626 Desertae
383 573 490 641 Cereris,
498 575 631 643 juxtaque
643 575 754 643 entique
765 592 908 643 cupressus,

252 642 393 710 Religiene
404 648 512 710 petrum
524 643 621 696 multos
633 651 737 696 servate
748 662 795 713 per
807 662 905 697 annes:

252 711 331 764 Hane
345 728 380 792 en
393 711 495 764 diverso
507 712 594 765 sedem
606 713 741 764 veniemus
753 712 782 793 in
794 731 882 766 unam.

251 781 502 916 1101110ξὲ
514 798 709 917 ffiffiqp
710 786 920 918 sitibit?
922 788 976 836 ‘²⁸'

253 918 406 971 Attreetare
417 919 498 985 nefas,
511 919 593 971 donee
604 936 646 970 me
657 919 767 970 flumine
779 919 839 971 vivo

253 985 386 1040 Abluero.’
1047 991 1098 1041 720

254 1056 320 1108 Haee
331 1057 413 1122 intus,
425 1055 492 1108 latos
504 1056 625 1109 humeros
637 1056 806 1126 subjectaque
818 1058 886 1110 eolla

255 1125 336 1178 Veste
349 1142 427 1193 super
438 1125 558 1193 fulvique
570 1127 700 1178 insternor
711 1125 779 1194 pelle
791 1127 872 1177 leonis
883 1146 890 1189 ;

254 1193 425 1262 Suecedoque
436 1194 515 1247 oneri.
550 1195 657 1247 Dextrae
671 1213 697 1247 se
709 1213 806 1265 pervus
819 1195 894 1247 Iulus

253 1262 401 1332 Implieuit,
414 1263 583 1331 sequiturque
595 1270 698 1344 petrem
710 1282 762 1316 non
775 1263 892 1332 passibus
905 1264 1002 1332 aeqnis:

255 1332 328 1385 Pone
340 1332 414 1384 subit
425 1334 538 1399 conjux:
556 1333 665 1384 ferimur
677 1350 724 1400 per
736 1350 817 1402 opaea
829 1333 951 1385 locorum.

254 1400 292 1453 ut
303 1418 354 1468 me,
367 1418 446 1469 quem
458 1401 558 1454 dudum
570 1420 623 1454 non
636 1402 692 1453 ulla
703 1403 801 1469 injectu
813 1402 953 1454 movebant

254 1469 328 1537 Tele,
340 1487 426 1538 neque
437 1470 544 1523 adverse
556 1471 693 1539 glomerati
706 1489 739 1523 ex
751 1472 856 1538 agmine
869 1471 948 1538 Graii,

255 1539 336 1591 Nune
348 1555 437 1591 omnes
449 1544 548 1592 terrent
559 1557 639 1607 aurae,
651 1557 729 1592 sonus
741 1541 840 1593 excitet
852 1540 942 1607 omnis,

255 1607 419 1677 Suspensum
430 1613 458 1660 et
470 1610 568 1676 pariter
580 1609 720 1677 comitique
733 1609 855 1677 onerique
867 1609 1011 1663 timentem.

255 1678 373 1759 Jamque
384 1677 592 1746 propinquabam
604 1679 692 1746 pertis,
705 1695 859 1746 omnemque
870 1678 977 1731 videbar
1048 1679 1098 1732 730

257 1746 379 1800 Evasrsse
392 1746 479 1805 vium3
499 1742 585 1795 subite
597 1761 680 1811 quum
692 1747 779 1798 creber
790 1748 824 1800 ed
836 1765 912 1802 aures

258 1815 338 1868 Visus
349 1815 439 1868 edesse
449 1815 547 1880 pedum
559 1816 667 1884 sonitus,
679 1816 832 1884 genitorque
844 1834 891 1885 per
902 1818 1021 1869 umbram

255 1884 429 1953 respiciens,
443 1885 543 1950 ‘Nate’
556 1885 695 1949 exclamat,
709 1886 794 1950 ‘fuge
806 1894 885 1946 nete3
905 1887 1104 1953 propinquent;

256 1954 387 2007 Ardentes
400 1955 496 2024 clipeos
507 1959 588 2022 etque
600 1971 652 2006 aere
664 1955 790 2007 micantia
803 1955 895 2007 cerno!

257 2020 311 2073 Hie
322 2020 391 2072 mihi
402 2021 489 2072 neseio
501 2020 571 2088 quod
583 2020 686 2089 trepide
698 2020 767 2072 mele
778 2037 876 2071 numen
889 2019 1003 2071 amicum

255 2090 401 2143 Oenfirsem
413 2090 510 2158 eripuit
522 2094 644 2142 mentem.
680 2090 706 2141 N
706 2106 800 2155 amque
812 2088 872 2141 avie
884 2105 962 2139 cursu

257 2159 330 2212 Dum
343 2175 442 2227 sequor,
455 2165 482 2211 et
494 2165 558 2212 note
570 2158 666 2210 excedo
679 2159 783 2226 regione
795 2158 905 2223 viarum,

257 2228 320 2280 Heu
330 2230 337 2280 1
356 2229 450 2281 misere
462 2229 559 2296 conjux
571 2228 659 2280 fatone
672 2234 762 2296 erepte
774 2228 872 2280 Creirse

257 2297 392 2365 Substitit,
405 2299 536 2351 erravitne
548 2297 599 2364 vie,
612 2315 658 2349 seu
669 2297 737 2349 lesse
748 2296 852 2362 resedit,

258 2368 412 2431 Inoertum;
430 2384 479 2419 nee
490 2377 550 2436 pest
562 2367 643 2419 oeulis
656 2372 696 2418 est
707 2366 810 2418 reddita
822 2363 924 2416 nostris.
1049 2363 1100 2417 740

258 2437 313 2489 Nee
325 2438 399 2505 prius
411 2436 534 2488 amissam
544 2436 655 2505 respexi,
667 2436 817 2487 animumve
830 2433 928 2500 reflexi,

258 2507 346 2570 Quum
357 2505 493 2558 tumulum
504 2505 619 2572 entique
633 2505 731 2557 Cereris
744 2504 881 2570 sedemque
893 2507 1022 2555 sacratam

259 2575 404 2628 Venimus:
422 2575 465 2627 hie
478 2575 584 2626 demum
596 2574 711 2626 collectis
723 2573 843 2624 omnibus
855 2590 909 2624 una

261 2643 363 2708 Defuit,
377 2648 404 2697 et
416 2643 526 2696 comites
537 2647 683 2710 natumque
695 2643 833 2708 virumque
844 2643 946 2695 fefellit.

257 2717 345 2781 Quem
356 2733 410 2769 non
422 2715 539 2766 incusavi
551 2731 640 2765 amens
652 2713 843 2784 hominumque
856 2709 1039 2785 deerumquel

253 2787 311 2832 Aut
320 2784 388 2845 quid
395 2783 424 2833 1⁹11
436 2799 525 2833 eversa
539 2783 594 2835 vidi
605 2784 746 2841 crudelius
758 2785 848 2846 urbel
