2700 3242
276 307 311 360 es
509 305 537 359 P.
556 304 713 359 VIRGILII
731 306 893 362 MARONIS

278 404 328 458 Per
339 410 444 473 terrani,
456 411 483 458 et
496 422 597 458 summo
609 407 721 475 vestigia
732 407 841 476 pulvere
853 409 972 477 signent:

277 475 340 528 Post
352 475 440 527 valido
451 475 539 527 nitens
552 476 599 527 sub
611 478 725 545 pondere
737 478 844 544 faginus
856 479 914 530 axis

277 544 418 612 Instrepat,
431 551 458 597 et
465 546 573 612 junctos
585 551 655 598 teme
667 546 757 598 trahat
769 564 852 598 aereus
864 547 945 602 orbes.

278 614 383 666 Interea
394 614 459 682 pubi
470 614 606 666 indomitae
618 631 671 666 non
683 616 804 682 gramina
815 622 929 683 tantum,

277 682 333 735 Nec
344 700 433 735 vescas
445 683 555 735 salicum
566 683 671 735 frondes
683 685 826 752 ulvamque
837 685 989 752 palustrem,

277 751 328 805 Sed
339 753 472 805 frumenta
483 769 565 805 manu
578 769 667 820 carpes
680 761 744 806 sata.
779 754 805 805 N
805 769 835 804 ec
846 754 896 806 tibi
907 755 976 820 fetae,

277 820 351 873 More
362 827 476 890 patrum,
488 822 566 874 nivea
577 821 728 889 implebunt
738 823 892 875 mulctraria
903 840 997 889 vaccae,

277 890 328 945 sed
339 896 396 942 tota
407 891 436 942 in
449 890 538 942 dulces
549 896 704 942 consument
715 891 797 942 ubera
807 898 890 944 natos.

311 960 358 1012 Sin
370 959 404 1011 ad
415 959 485 1011 bella
496 959 579 1027 magis
592 959 710 1011 studium
722 966 875 1028 turmasque
887 961 991 1028 feroces,

276 1029 333 1081 Aut
345 1027 448 1109 Alphea
459 1028 522 1080 rotis
535 1027 643 1096 praelabi
655 1028 767 1080 flumina
780 1029 855 1096 Pisa,
1072 1033 1123 1083 180

276 1096 313 1150 Et
323 1097 399 1150 Jeme
411 1097 439 1148 in
451 1097 511 1149 luco
522 1114 613 1149 currus
626 1097 726 1164 agitare
741 1098 859 1150 volantes
871 1117 878 1162 3

276 1165 380 1218 Primus
392 1167 453 1234 equi
465 1165 538 1219 labor
549 1172 589 1219 est
601 1167 702 1218 animos
714 1172 796 1234 atque
808 1184 882 1219 arma
894 1169 982 1219 videre

276 1235 434 1302 Bellantem,
446 1235 577 1303 lituosque
588 1235 653 1304 pati,
666 1241 804 1303 tractuque
817 1244 964 1303 gementem

276 1303 355 1356 Ferre
366 1312 458 1372 rotam,
471 1311 499 1357 et
511 1304 613 1357 stabulo
625 1305 712 1356 frenos
724 1305 817 1357 audire
829 1315 950 1357 sonantes
962 1325 968 1366 ;

276 1373 344 1425 lum
355 1374 439 1441 magis
451 1380 530 1442 atque
541 1375 626 1441 magis
637 1373 742 1425 blandis
753 1375 868 1441 gaudere
879 1376 998 1441 magistri

276 1441 416 1510 laudibus,
429 1449 456 1495 et
468 1443 566 1511 plausae
579 1443 694 1494 sonitum
705 1443 813 1494 cervicis
825 1460 919 1495 amare.

276 1511 363 1579 Atque
375 1512 430 1564 haee
438 1514 496 1580 jam
507 1512 591 1580 primo
603 1511 726 1579 depulsus
738 1511 771 1562 ab
784 1512 862 1564 ubere
873 1514 965 1563 mat-ris

275 1581 387 1646 Audeat,
399 1581 479 1648 inque
490 1581 574 1633 vicem
586 1581 631 1632 det
643 1580 764 1631 mollibus
776 1597 822 1632 ora
833 1582 952 1648 capistris

276 1648 420 1717 Invalidus,
432 1649 563 1718 etiamque
574 1655 697 1715 tremens,
710 1649 791 1701 etiam
803 1651 900 1701 inscius
912 1652 969 1703 sevi.

275 1718 313 1770 At
326 1717 409 1770 tribus
421 1719 529 1784 exactis,
542 1717 586 1769 ubi
599 1724 693 1785 quarta
705 1720 842 1770 accesserit
854 1725 937 1784 astas,
1069 1723 1120 1772 190

276 1787 387 1856 Carpere
398 1803 460 1839 mox
472 1804 566 1854 gyrum
577 1786 695 1854 incipiat,
708 1788 883 1855 gradibusque
895 1805 986 1840 sonare

277 1855 436 1924 Compositis,
450 1857 587 1923 sinuetque
599 1855 702 1908 alterna
714 1855 847 1909 volumina
859 1874 971 1921 currum,

276 1923 367 1992 Sitque
379 1924 509 1977 laboranti
522 1925 630 1988 similis;
649 1931 707 1976 tum
720 1926 836 1978 cursibus
848 1943 932 1992 auras,

276 1993 343 2046 Τιιιιι
354 1999 436 2059 vocet,
448 2011 479 2046 ac
490 2010 537 2062 per
548 2000 641 2062 aperta
653 1994 751 2061 volens,
763 2011 811 2046 eeu
823 1995 889 2046 liber
900 1995 1017 2062 habenis,

275 2062 399 2130 AEquora,
412 2063 458 2115 vix
471 2080 573 2115 summa
585 2063 697 2128 vestigia
709 2070 790 2130 ponat
802 2081 894 2116 arenas

277 2131 368 2196 Qualis
384 2129 559 2199 Hyperboreis
572 2131 668 2200 Aquilo
681 2150 764 2200 quum
776 2133 872 2184 densus
883 2132 918 2185 ab
929 2129 981 2185 eris

276 2200 408 2266 Incubuit,
421 2200 586 2269 Scythiaeque
598 2201 696 2252 hiemes
708 2205 788 2268 atque
799 2202 874 2254 arida
885 2203 973 2253 differt

275 2268 375 2322 Nubila
386 2287 392 2321 τ
410 2275 468 2322 tum
480 2275 578 2336 segetes
590 2269 652 2321 altae
664 2269 802 2337 campique
814 2276 937 2322 natantes

276 2337 389 2390 Lenibus
401 2338 553 2391 horrescunt
565 2338 661 2405 flabris,
674 2355 834 2406 summaque
846 2356 963 2392 sonorem

275 2405 348 2459 Dant
361 2407 441 2474 silvae,
453 2407 576 2476 longique
588 2413 684 2475 urgent
696 2407 730 2459 ari
742 2408 820 2461 litora
830 2409 946 2471 fluctus;
1068 2412 1120 2462 200

276 2475 326 2528 Ille
338 2475 417 2543 velat,
430 2476 507 2528 simul
519 2494 582 2529 arva
593 2476 658 2544 fuga
670 2477 748 2527 simul
760 2495 865 2545 aequora
877 2494 986 2530 verrens.

275 2543 328 2596 Hic
340 2544 381 2596 vel
394 2546 428 2597 ad
440 2545 499 2598 llle'i
510 2552 594 2598 metas
606 2551 632 2597 et
644 2546 761 2597 maxima
773 2548 858 2614 campi

276 2612 386 2667 Sudabit
399 2616 490 2682 spatia,
503 2621 530 2666 et
542 2631 648 2683 spumas
660 2620 721 2682 aget
733 2632 776 2666 ore
788 2621 910 2667 cruentas
920 2634 927 2679 ;

274 2681 383 2747 Belgica
395 2683 436 2735 vel
448 2684 521 2734 molli
532 2683 626 2734 melius
637 2684 705 2734 feret
717 2685 807 2736 esseda
819 2683 891 2736 collo.

257 2741 328 2796 Ihm
342 2751 452 2804 demum
466 2769 555 2806 crassa
566 2770 698 2823 magnum
708 2752 841 2821 farragine
852 2769 945 2821 corpus

238 2804 441 2884 Ciescerejm
455 2823 569 2879 domitis
583 2825 689 2893 sinite;
708 2841 827 2894 namque
838 2829 903 2876 ante
914 2821 1078 2873 homauhum
