2700 3242
423 407 456 462 P.
471 404 674 463 VIRGlLlI
702 398 914 458 MARONIS

379 609 956 700 AENEIDOS

455 843 582 897 LIBER
604 839 883 895 DUODEGIMUS.

592 1017 739 1034 mm

246 1138 361 1193 Turnus
373 1145 405 1192 ut
416 1141 542 1194 infractos
554 1141 662 1195 adverso
674 1142 762 1193 Marte
774 1141 882 1194 Iratinos

246 1207 378 1261 Defecisse
390 1210 471 1277 videt,
484 1228 531 1263 sua
543 1228 614 1263 nunc
626 1212 753 1279 promisse
764 1211 871 1279 reposci,

246 1277 280 1330 Se
293 1278 393 1345 signari
405 1279 487 1331 oculis
497 1299 505 1344 3
522 1280 594 1332 ultro
606 1279 780 1347 implacabilis
792 1280 875 1346 ardet,

245 1347 408 1415 Attollitque
420 1348 527 1401 animos.
558 1349 699 1402 Poenorum
712 1348 797 1414 qualis
809 1348 838 1399 in
850 1349 927 1415 ervis,

246 1415 358 1469 Saucius
370 1417 416 1468 ille
427 1419 502 1485 gravi
514 1425 661 1470 venantum
672 1417 781 1469 vulnere
793 1424 894 1485 pectus,

246 1484 315 1537 Tum
328 1485 434 1537 demum
445 1493 534 1539 moret
546 1504 619 1539 orma
630 1487 680 1553 leo,
692 1485 842 1554 gaudetque
854 1491 987 1540 comantes

245 1552 393 1606 Excutiens
405 1556 506 1608 cervice
518 1562 595 1623 toros,
607 1556 745 1623 fixumque
756 1555 866 1607 latronis

246 1621 402 1690 Impavidus
413 1624 514 1692 frangit
527 1625 618 1691 telum,
631 1631 658 1678 et
669 1625 760 1677 fremit
772 1641 815 1677 ore
828 1630 951 1680 cruento:

246 1690 330 1744 Haud
342 1709 416 1744 secus
429 1710 537 1746 accenso
549 1694 638 1761 gliscit
649 1694 776 1747 violentia
787 1695 883 1748 Turno.

246 1759 315 1812 Tum
328 1761 365 1812 sic
377 1761 475 1814 affatur
486 1780 582 1830 regem,
593 1769 674 1832 atque
686 1764 726 1816 ita
737 1763 860 1816 turbidus
871 1763 946 1817 infit:
1058 1766 1091 1817 10

249 1833 353 1884 “Nulla
364 1848 437 1884 mora
450 1832 479 1882 in
490 1832 578 1883 Turno
591 1850 598 1895 ;
615 1831 685 1884 nihil
697 1838 737 1883 est
750 1833 820 1898 quod
833 1835 905 1886 dicta
916 1841 1063 1889 retractent

247 1897 343 1971 Ignavi
355 1898 481 1951 AEneedae
488 1917 495 1962 ;
513 1915 562 1951 nec
574 1916 632 1966 quae
645 1898 775 1966 pepigere,
787 1906 915 1948 recusent.

197 1965 413 2087 ssgredior.
443 1967 494 2019 Fer
506 1985 586 2030 secra,
599 1973 681 2035 pater,
694 1972 721 2018 et
733 1965 840 2032 concipe
851 1965 944 2016 foedus.

272 2041 303 2088 ut
315 2036 366 2088 hac
377 2035 543 2089 Dardanium
556 2037 650 2088 dextra
662 2035 710 2087 sub
722 2035 832 2086 Tartara
843 2033 957 2097 mittam,

246 2104 413 2156 Desertorem
424 2105 646 2172 Asiae‚—sedeant
659 2108 829 2172 spectentque
841 2101 966 2153 Latini-

246 2172 284 2225 Et
296 2173 366 2225 solus
378 2174 446 2226 ferro
459 2176 559 2226 crimen
571 2190 708 2226 commune
720 2171 852 2223 refellam:

245 2242 302 2295 Aut
314 2241 411 2295 hebeat
423 2242 506 2295 victos
518 2262 525 2306 ;
543 2242 619 2295 cedat
631 2241 742 2295 Lavinio
756 2237 876 2308 conjux.’'

282 2310 337 2364 Olli
348 2311 438 2364 sedato
450 2311 585 2379 respondit
597 2311 673 2364 corde
686 2311 814 2363 Latinus:

244 2380 261 2410 “
271 2379 293 2433 Ο
305 2386 431 2443 prestans
444 2382 524 2434 animi
534 2381 649 2447 juvenis,
661 2383 793 2447 quantum
805 2377 861 2444 ipse
873 2374 954 2426 feroci

247 2447 357 2501 Virtute
368 2462 517 2515 exsuperas,
530 2451 606 2498 tanto
617 2462 660 2497 me
671 2442 815 2510 impensius
827 2457 850 2493 oe
868 2456 934 2491 uum
946 2443 987 2491 est
1056 2441 1090 2491 20

248 2515 396 2582 (lonsulere,
408 2521 487 2583 etque
499 2532 588 2567 omnes
600 2519 762 2566 metuentem
774 2526 859 2577 expen
878 2525 921 2561 ere
932 2525 1015 2560 casus.

249 2584 319 2639 Sunt
331 2583 381 2636 tibi
392 2601 474 2652 regnu
486 2583 569 2653 patris
581 2583 678 2649 Dauni,
691 2585 754 2633 sunt
766 2578 864 2647 oppida
875 2582 954 2646 capta
968 2645 974 2658 .

248 2653 340 2707 Multa
351 2669 432 2705 manu
438 2672 446 2715 3
463 2670 512 2706 nec
523 2669 578 2704 non
590 2667 737 2718 aurumque
749 2649 904 2715 animusque
915 2646 1011 2699 Latmo
1022 2651 1062 2698 est
1073 2664 1080 2710 ς

248 2722 319 2777 Sunt
331 2720 390 2774 cliae
402 2722 522 2790 innupta
534 2720 610 2774 Latio
623 2727 650 2773 et
662 2715 842 2773 laurentibus
851 2716 939 2784 agris,
951 2780 958 2792 ι

247 2792 307 2846 Nec
313 2807 401 2858 genus
410 2790 553 2848 indecores.
586 2791 652 2849 Sine
663 2809 710 2848 me
718 2791 784 2847 liceo
791 2785 879 2842 nand
885 2781 989 2837 mula
994 2778 1070 2828 ‘co-W
