2700 3242
519 336 690 391 AENEIDOS
707 337 774 391 LIB.
794 337 829 390 11.
1048 336 1098 389 ll5

252 436 407 508 Irimosoque
418 437 479 491 lacu
491 456 537 508 per
548 446 653 492 noctem
665 439 788 491 obscurus
801 440 828 490 in
841 439 903 492 ulva

252 508 355 562 Delitui
367 509 432 560 dum
445 509 504 561 vela
516 509 616 575 darent,
630 510 652 561 si
664 510 731 561 forte
744 510 881 561 dedissunt.

252 577 307 630 Nec
319 579 387 630 mihi
397 579 455 645 jam
467 579 580 646 patriam
592 579 730 646 antiquam
743 597 800 646 spes
813 579 868 630 ulla
882 579 994 644 videndi,

253 646 307 700 Nec
320 647 413 699 dulces
425 655 501 699 natos
513 656 720 716 exoptatumque
732 657 867 716 parentem
878 668 885 711 ;

254 717 323 780 Quos
337 717 379 768 illi
389 717 443 768 fors
456 717 489 768 ad
502 735 591 785 poenas
603 717 636 769 ob
648 726 737 769 nostra
748 725 884 785 reposcent

253 786 368 854 Effugis,
381 792 409 838 et
420 786 526 854 culpam
538 786 606 838 banc
618 787 771 838 miserorum
783 794 866 839 morte
878 787 997 855 piabunt.
1047 791 1096 839 113)

255 856 331 919 Quod
343 863 371 907 te
383 872 430 923 per
442 872 546 924 superos
558 861 585 908 et
597 856 701 908 conscia
712 856 823 908 numina
835 858 896 922 veri,

254 923 310 991 Per,
323 925 347 976 si
359 941 412 992 qua
423 932 470 989 est,
483 941 541 992 quae
552 931 633 977 restet
644 925 732 977 adbuc
744 926 898 978 mortalibus
911 944 1022 994 usquam

255 993 419 1047 lntemerata
430 994 501 1060 fides,
514 1011 565 1060 oro,
577 995 699 1046 miserere
711 994 830 1046 laborum

254 1062 401 1114 Tantorum
411 1080 418 1124 ;
435 1062 556 1114 miserere
567 1062 649 1114 animi
661 1079 715 1112 non
728 1063 809 1129 digna
821 1063 944 1116 ferentis?

287 1132 303 1157 “
313 1131 364 1182 His
379 1130 493 1182 lacrimis
505 1131 587 1182 vitam
599 1131 698 1193 damus,
710 1142 737 1182 et
746 1133 933 1185 miserescimus
946 1135 1024 1187 ultro.

257 1200 270 1252 I
288 1218 316 1252 se
329 1201 385 1251 viro
416 1201 497 1252 rimus
508 1202 624 1253 manicas
636 1207 716 1267 atque
728 1208 801 1250 arcta
813 1198 892 1251 levari

279 1269 352 1322 incla
359 1217 438 1334 juliet
450 1269 569 1321 Priamus
589 1270 719 1336 dictisque
730 1269 770 1320 ita
781 1268 854 1320 fatur
865 1268 972 1320 amicis:

255 1329 395 1400 ‘Quisquis
407 1351 441 1399 33,
454 1335 560 1385 amissos
569 1311 634 1385 liinc
642 1336 699 1400 jam
711 1335 862 1388 obliviscere
875 1338 983 1389 Graios:

255 1401 353 1453 Noster
365 1401 415 1453 eris
426 1419 432 1464 ;
450 1401 566 1468 mihique
577 1401 634 1453 haec
646 1402 757 1453 edissere
768 1418 830 1452 vera
841 1402 952 1468 roganti.

257 1471 314 1534 Quo
322 1471 419 1522 molem
428 1470 497 1522 hanc
507 1471 628 1522 imanis
638 1471 700 1538 equi
710 1470 842 1522 statuerel
855 1471 913 1538 quis
922 1471 1030 1522 auctor?
1049 1474 1098 1523 lso

257 1540 362 1603 Quidve
374 1539 490 1607 petuntl
508 1557 567 1607 quae
579 1540 671 1606 religio
682 1540 692 1591 l
710 1546 758 1591 aut
770 1557 828 1608 quae
841 1540 965 1592 machina
977 1540 1038 1592 belli
1049 1542 1068 1592 'l'

256 1609 377 1660 Dixerat.
413 1609 463 1660 Ille
475 1609 541 1660 dolis
552 1609 698 1661 instructus
710 1616 738 1662 et
749 1619 806 1661 arte
819 1609 938 1678 Pelasga,

256 1678 373 1730 Sustulit
385 1685 479 1730 exutas
490 1678 584 1732 vinclis
595 1679 630 1730 ad
642 1679 727 1730 sidera
739 1678 855 1746 palmas:

255 1751 326 1802 ‘Vos
339 1751 430 1803 aeterni
442 1751 522 1818 ignes,
535 1757 562 1803 et
573 1766 627 1801 non
639 1750 760 1801 violabile
773 1757 887 1800 vestrum

256 1819 350 1871 'l'estor
361 1819 475 1884 numen,'
487 1819 526 1870 ait
536 1837 544 1882 ;
562 1820 622 1870 ‘vos
633 1836 685 1871 arae
697 1834 821 1884 ensesque
833 1817 948 1881 nefandi,

257 1887 330 1949 Quos
342 1886 408 1954 fugi,
419 1887 545 1954 vittaeque
556 1887 642 1950 deum,
655 1902 720 1953 quas
733 1885 818 1937 hostia
830 1887 914 1953 gessi:

258 1955 311 2007 Fas
322 1955 390 2006 mihi
402 1956 538 2008 Graiorum
550 1961 651 2008 sacrata
662 1954 789 2006 resolvere
797 1956 867 2022 jura,

257 2025 311 2076 Fas
323 2024 407 2077 odisse
417 2026 493 2092 viros,
504 2031 584 2093 atque
597 2025 685 2076 omnia
695 2024 762 2075 ferre
775 2023 823 2075 sub
835 2041 919 2088 auras,

257 2094 288 2146 si
300 2111 353 2162 qua
365 2101 460 2162 tegunt
470 2113 476 2147 :
488 2101 577 2147 teneor
588 2094 681 2162 patriae
692 2110 742 2157 nec
753 2092 854 2160 legibus
867 2093 935 2145 ullis.

257 2163 301 2215 Tu
312 2163 389 2216 modo
401 2165 532 2232 promissis
543 2181 657 2231 maneas,
669 2170 824 2229 servataque
837 2180 921 2214 serves
1054 2168 1072 2212 lt
1085 2172 1100 2211 u

257 2233 435 2354 Trll'dlill'
442 2234 469 2352 ⁵⁸³
480 2233 677 2352 stillat
686 2250 768 2352 1111
769 2232 947 2350 lassulus

258 2369 377 2422 Palladis
388 2318 495 2421 auxiliis
508 2385 608 2436 semper
620 2366 701 2418 stetit.
725 2318 840 2433 pImpius
853 2381 885 2414 ex
898 2380 949 2430 quo

258 2439 374 2508 Tydides
386 2438 430 2491 sed
443 2438 520 2503 enim,
532 2437 710 2502 scelerumque
723 2435 844 2486 inventor
856 2433 955 2499 Ulixes,

259 2509 353 2563 Fatale
365 2507 480 2576 aggressi
492 2514 592 2559 sacrato
604 2505 716 2558 avellere
729 2504 826 2572 templo

260 2578 421 2643 Palladium,
434 2577 507 2629 caesis
519 2593 627 2628 summas
641 2575 792 2626 custodibus
804 2571 878 2637 arcis,

247 2648 415 2716 'Corripuere
428 2663 528 2699 sacram
540 2645 660 2712 effigiem,
673 2643 846 2710 manibusque
859 2642 974 2696 cruentis

261 2718 402 2786 Virgineus
414 2716 472 2768 ausi
484 2716 553 2769 diras
565 2715 716 2781 contingere
729 2713 809 2764 vittas
821 2729 828 2769 ς

261 2789 304 2840 Ex
317 2787 363 2839 illo
373 2786 454 2837 fluere
463 2802 496 2836 ac
505 2792 576 2837 retro
588 2783 716 2857 sublapsa
727 2784 824 2841 relers'r

248 2857 318 2918 Spes
326 2853 456 2919 Danaum,
471 2853 564 2909 stacta?
578 2858 658 2930 virm,
667 2852 776 2919 ¹aversa
787 2861 852 2919 deae
861 2878 955 2917 mens
1093 2855 1141 2905 W
