<?xml version="1.0" encoding="UTF-8"?>
<!DOCTYPE html PUBLIC "-//W3C//DTD XHTML 1.0 Transitional//EN"
    "http://www.w3.org/TR/xhtml1/DTD/xhtml1-transitional.dtd">
<html xmlns="http://www.w3.org/1999/xhtml" xml:lang="en" lang="en">
 <head>
  <title>
</title>
<meta http-equiv="Content-Type" content="text/html;charset=utf-8" />
  <meta name='ocr-system' content='tesseract 3.04.00' />
  <meta name='ocr-capabilities' content='ocr_page ocr_carea ocr_par ocr_line ocrx_word'/>
</head>
<body>
  <div class='ocr_page' id='page_1' title='image "./operaomnia00virggoog/operaomnia00virggoog_0211.png"; bbox 0 0 2700 3242; ppageno 0'>
   <div class='ocr_carea' id='block_1_1' title="bbox 505 295 1089 350">
    <p class='ocr_par' dir='ltr' id='par_1_1' title="bbox 505 295 1089 350">
     <span class='ocr_line' id='line_1_1' title="bbox 505 295 1089 350; baseline -0.003 0"><span class='ocrx_word' id='word_1_1' title='bbox 505 296 671 350; x_wconf 83' lang='lat' dir='ltr'>AENEIDOS</span> <span class='ocrx_word' id='word_1_2' title='bbox 690 296 757 349; x_wconf 85' lang='lat' dir='ltr'><strong>LIB.</strong></span> <span class='ocrx_word' id='word_1_3' title='bbox 777 295 823 349; x_wconf 89' lang='lat' dir='ltr'><strong>v1.</strong></span> <span class='ocrx_word' id='word_1_4' title='bbox 1038 299 1089 348; x_wconf 79' lang='lat'><strong>205</strong></span> 
     </span>
    </p>
   </div>
   <div class='ocr_carea' id='block_1_2' title="bbox 237 398 1090 2900">
    <p class='ocr_par' dir='ltr' id='par_1_2' title="bbox 242 398 1090 2055">
     <span class='ocr_line' id='line_1_2' title="bbox 243 398 915 470; baseline -0.007 -15"><span class='ocrx_word' id='word_1_5' title='bbox 243 401 390 470; x_wconf 78' lang='lat' dir='ltr'><strong>Postquam</strong></span> <span class='ocrx_word' id='word_1_6' title='bbox 402 399 479 452; x_wconf 93' lang='lat' dir='ltr'><strong>illum</strong></span> <span class='ocrx_word' id='word_1_7' title='bbox 490 400 547 453; x_wconf 83' lang='lat' dir='ltr'><strong>vite</strong></span> <span class='ocrx_word' id='word_1_8' title='bbox 559 401 643 453; x_wconf 84' lang='lat' dir='ltr'><strong>victor</strong></span> <span class='ocrx_word' id='word_1_9' title='bbox 656 399 779 468; x_wconf 83' lang='lat' dir='ltr'><strong>spoliavit</strong></span> <span class='ocrx_word' id='word_1_10' title='bbox 791 398 915 466; x_wconf 84' lang='lat' dir='ltr'><strong>Achilles,</strong></span> 
     </span>
     <span class='ocr_line' id='line_1_3' title="bbox 242 469 805 524; baseline -0.009 0"><span class='ocrx_word' id='word_1_11' title='bbox 242 471 378 524; x_wconf 75' lang='lat' dir='ltr'><strong>Dardanio</strong></span> <span class='ocrx_word' id='word_1_12' title='bbox 391 469 481 520; x_wconf 86' lang='lat' dir='ltr'><strong>AEneae</strong></span> <span class='ocrx_word' id='word_1_13' title='bbox 494 487 548 522; x_wconf 86' lang='lat' dir='ltr'><strong>sese</strong></span> <span class='ocrx_word' id='word_1_14' title='bbox 559 470 717 522; x_wconf 84' lang='lat' dir='ltr'><strong>fortissimus</strong></span> <span class='ocrx_word' id='word_1_15' title='bbox 729 469 805 520; x_wconf 88' lang='lat' dir='ltr'><strong>heros</strong></span> 
     </span>
     <span class='ocr_line' id='line_1_4' title="bbox 243 539 1089 606; baseline -0.005 -14"><span class='ocrx_word' id='word_1_16' title='bbox 243 541 392 592; x_wconf 78' lang='lat' dir='ltr'><strong>Addiderat</strong></span> <span class='ocrx_word' id='word_1_17' title='bbox 405 539 513 606; x_wconf 85' lang='lat' dir='ltr'><strong>socium,</strong></span> <span class='ocrx_word' id='word_1_18' title='bbox 525 556 578 590; x_wconf 91' lang='lat' dir='ltr'><strong>non</strong></span> <span class='ocrx_word' id='word_1_19' title='bbox 590 539 715 590; x_wconf 83' lang='lat' dir='ltr'><strong>inferiora</strong></span> <span class='ocrx_word' id='word_1_20' title='bbox 727 545 840 589; x_wconf 85' lang='lat' dir='ltr'><strong>secutus.</strong></span> <span class='ocrx_word' id='word_1_21' title='bbox 1039 539 1089 590; x_wconf 88' lang='lat'><strong>170</strong></span> 
     </span>
     <span class='ocr_line' id='line_1_5' title="bbox 243 606 973 676; baseline -0.005 -14"><span class='ocrx_word' id='word_1_22' title='bbox 243 608 296 662; x_wconf 76' lang='lat' dir='ltr'><strong>sed</strong></span> <span class='ocrx_word' id='word_1_23' title='bbox 308 615 375 674; x_wconf 86' lang='lat' dir='ltr'><strong>tum,</strong></span> <span class='ocrx_word' id='word_1_24' title='bbox 387 608 455 659; x_wconf 85' lang='lat' dir='ltr'><strong>forte</strong></span> <span class='ocrx_word' id='word_1_25' title='bbox 468 625 532 660; x_wconf 80' lang='lat' dir='ltr'><strong>cova</strong></span> <span class='ocrx_word' id='word_1_26' title='bbox 544 609 608 659; x_wconf 93' lang='lat' dir='ltr'><strong>dum</strong></span> <span class='ocrx_word' id='word_1_27' title='bbox 621 614 744 676; x_wconf 82' lang='lat' dir='ltr'><strong>personat</strong></span> <span class='ocrx_word' id='word_1_28' title='bbox 756 624 861 674; x_wconf 83' lang='lat' dir='ltr'><strong>aequore</strong></span> <span class='ocrx_word' id='word_1_29' title='bbox 873 606 973 658; x_wconf 83' lang='lat' dir='ltr'><strong>concha</strong></span> 
     </span>
     <span class='ocr_line' id='line_1_6' title="bbox 243 677 881 743; baseline -0.005 -13"><span class='ocrx_word' id='word_1_30' title='bbox 243 677 367 743; x_wconf 82' lang='lat' dir='ltr'>Demens,</span> <span class='ocrx_word' id='word_1_31' title='bbox 379 683 407 728; x_wconf 90' lang='lat' dir='ltr'><strong>et</strong></span> <span class='ocrx_word' id='word_1_32' title='bbox 419 683 500 728; x_wconf 84' lang='lat' dir='ltr'><strong>centu</strong></span> <span class='ocrx_word' id='word_1_33' title='bbox 513 684 590 730; x_wconf 84' lang='lat' dir='ltr'><strong>vocat</strong></span> <span class='ocrx_word' id='word_1_34' title='bbox 601 677 630 728; x_wconf 89' lang='lat' dir='ltr'><strong>in</strong></span> <span class='ocrx_word' id='word_1_35' title='bbox 643 677 788 728; x_wconf 78' lang='lat' dir='ltr'><strong>certamina</strong></span> <span class='ocrx_word' id='word_1_36' title='bbox 800 677 881 742; x_wconf 84' lang='lat' dir='ltr'><strong>divos,</strong></span> 
     </span>
     <span class='ocr_line' id='line_1_7' title="bbox 243 746 968 814; baseline -0.003 -16"><span class='ocrx_word' id='word_1_37' title='bbox 243 747 368 798; x_wconf 87' lang='lat' dir='ltr'><strong>AEmulus</strong></span> <span class='ocrx_word' id='word_1_38' title='bbox 380 753 522 813; x_wconf 81' lang='lat' dir='ltr'><strong>exceptum</strong></span> <span class='ocrx_word' id='word_1_39' title='bbox 534 747 633 814; x_wconf 72' lang='lat' dir='ltr'><strong>Triton,</strong></span> <span class='ocrx_word' id='word_1_40' title='bbox 646 747 668 798; x_wconf 88' lang='lat' dir='ltr'><strong>si</strong></span> <span class='ocrx_word' id='word_1_41' title='bbox 681 747 784 797; x_wconf 89' lang='lat' dir='ltr'><strong>credere</strong></span> <span class='ocrx_word' id='word_1_42' title='bbox 797 746 908 812; x_wconf 82' lang='lat' dir='ltr'><strong>dignum</strong></span> <span class='ocrx_word' id='word_1_43' title='bbox 921 752 968 812; x_wconf 84' lang='lat' dir='ltr'><strong>est,</strong></span> 
     </span>
     <span class='ocr_line' id='line_1_8' title="bbox 243 815 898 883; baseline -0.003 -15"><span class='ocrx_word' id='word_1_44' title='bbox 243 815 320 868; x_wconf 88' lang='lat' dir='ltr'><strong>Inter</strong></span> <span class='ocrx_word' id='word_1_45' title='bbox 333 833 398 867; x_wconf 80' lang='lat' dir='ltr'><strong>sexa</strong></span> <span class='ocrx_word' id='word_1_46' title='bbox 409 815 497 867; x_wconf 81' lang='lat' dir='ltr'><strong>virum</strong></span> <span class='ocrx_word' id='word_1_47' title='bbox 509 832 631 883; x_wconf 83' lang='lat' dir='ltr'><strong>spumosa</strong></span> <span class='ocrx_word' id='word_1_48' title='bbox 642 815 807 866; x_wconf 80' lang='lat' dir='ltr'><strong>immerserat</strong></span> <span class='ocrx_word' id='word_1_49' title='bbox 819 815 898 866; x_wconf 84' lang='lat' dir='ltr'><strong>unda.</strong></span> 
     </span>
     <span class='ocr_line' id='line_1_9' title="bbox 243 884 938 952; baseline -0.001 -15"><span class='ocrx_word' id='word_1_50' title='bbox 243 884 315 952; x_wconf 81' lang='lat' dir='ltr'><strong>Ergo</strong></span> <span class='ocrx_word' id='word_1_51' title='bbox 327 901 417 936; x_wconf 92' lang='lat' dir='ltr'><strong>omnes</strong></span> <span class='ocrx_word' id='word_1_52' title='bbox 428 901 524 951; x_wconf 82' lang='lat' dir='ltr'><strong>magno</strong></span> <span class='ocrx_word' id='word_1_53' title='bbox 537 885 637 936; x_wconf 90' lang='lat' dir='ltr'><strong>circum</strong></span> <span class='ocrx_word' id='word_1_54' title='bbox 649 885 762 937; x_wconf 85' lang='lat' dir='ltr'><strong>clamore</strong></span> <span class='ocrx_word' id='word_1_55' title='bbox 774 884 921 936; x_wconf 80' lang='lat' dir='ltr'><strong>fremebant</strong></span> <span class='ocrx_word' id='word_1_56' title='bbox 931 904 938 949; x_wconf 88' lang='lat'><strong>;</strong></span> 
     </span>
     <span class='ocr_line' id='line_1_10' title="bbox 243 952 886 1021; baseline -0.002 -17"><span class='ocrx_word' id='word_1_57' title='bbox 243 952 380 1021; x_wconf 71' lang='lat' dir='ltr'><strong>Precipue</strong></span> <span class='ocrx_word' id='word_1_58' title='bbox 392 954 453 1021; x_wconf 90' lang='lat' dir='ltr'><strong>pius</strong></span> <span class='ocrx_word' id='word_1_59' title='bbox 467 954 571 1006; x_wconf 81' lang='lat' dir='ltr'><strong>AEnees.</strong></span> <span class='ocrx_word' id='word_1_60' title='bbox 607 955 675 1005; x_wconf 81' lang='lat' dir='ltr'><strong>Tum</strong></span> <span class='ocrx_word' id='word_1_61' title='bbox 684 956 760 1021; x_wconf 83' lang='lat' dir='ltr'><strong>jussa</strong></span> <span class='ocrx_word' id='word_1_62' title='bbox 771 953 886 1020; x_wconf 82' lang='lat' dir='ltr'><strong>Sibyllae,</strong></span> 
     </span>
     <span class='ocr_line' id='line_1_11' title="bbox 243 1022 936 1090; baseline -0.001 -15"><span class='ocrx_word' id='word_1_63' title='bbox 243 1022 327 1075; x_wconf 80' lang='lat' dir='ltr'><strong>Haud</strong></span> <span class='ocrx_word' id='word_1_64' title='bbox 339 1040 420 1090; x_wconf 81' lang='lat' dir='ltr'><strong>mora,</strong></span> <span class='ocrx_word' id='word_1_65' title='bbox 432 1023 562 1074; x_wconf 84' lang='lat' dir='ltr'><strong>festinant</strong></span> <span class='ocrx_word' id='word_1_66' title='bbox 573 1022 673 1090; x_wconf 87' lang='lat' dir='ltr'><strong>flentes,</strong></span> <span class='ocrx_word' id='word_1_67' title='bbox 685 1040 811 1090; x_wconf 78' lang='lat' dir='ltr'><strong>eramque</strong></span> <span class='ocrx_word' id='word_1_68' title='bbox 823 1023 936 1090; x_wconf 80' lang='lat' dir='ltr'>sepulcri</span> 
     </span>
     <span class='ocr_line' id='line_1_12' title="bbox 244 1092 920 1160; baseline 0 -16"><span class='ocrx_word' id='word_1_69' title='bbox 244 1092 390 1159; x_wconf 84' lang='lat' dir='ltr'><strong>(longorere</strong></span> <span class='ocrx_word' id='word_1_70' title='bbox 402 1092 546 1158; x_wconf 79' lang='lat' dir='ltr'>arboribus,</span> <span class='ocrx_word' id='word_1_71' title='bbox 558 1092 675 1160; x_wconf 88' lang='lat' dir='ltr'><strong>coeloque</strong></span> <span class='ocrx_word' id='word_1_72' title='bbox 688 1092 798 1144; x_wconf 76' lang='lat' dir='ltr'><strong>educere</strong></span> <span class='ocrx_word' id='word_1_73' title='bbox 810 1100 920 1144; x_wconf 83' lang='lat' dir='ltr'><strong>certant.</strong></span> 
     </span>
     <span class='ocr_line' id='line_1_13' title="bbox 244 1160 938 1229; baseline 0 -16"><span class='ocrx_word' id='word_1_74' title='bbox 244 1160 306 1213; x_wconf 87' lang='lat' dir='ltr'><strong>Itur</strong></span> <span class='ocrx_word' id='word_1_75' title='bbox 317 1162 347 1213; x_wconf 91' lang='lat' dir='ltr'><strong>in</strong></span> <span class='ocrx_word' id='word_1_76' title='bbox 358 1161 497 1229; x_wconf 82' lang='lat' dir='ltr'><strong>antiquom</strong></span> <span class='ocrx_word' id='word_1_77' title='bbox 510 1161 610 1228; x_wconf 78' lang='lat' dir='ltr'><strong>silvam,</strong></span> <span class='ocrx_word' id='word_1_78' title='bbox 623 1161 728 1213; x_wconf 80' lang='lat' dir='ltr'><strong>stabulo.</strong></span> <span class='ocrx_word' id='word_1_79' title='bbox 740 1162 796 1213; x_wconf 80' lang='lat' dir='ltr'><strong>olto</strong></span> <span class='ocrx_word' id='word_1_80' title='bbox 807 1161 922 1213; x_wconf 85' lang='lat' dir='ltr'><strong>ferarum</strong></span> <span class='ocrx_word' id='word_1_81' title='bbox 933 1179 938 1213; x_wconf 92' lang='lat'>:</span> 
     </span>
     <span class='ocr_line' id='line_1_14' title="bbox 243 1229 1090 1298; baseline 0.001 -16"><span class='ocrx_word' id='word_1_82' title='bbox 243 1229 428 1283; x_wconf 73' lang='lat' dir='ltr'>Procumbunt</span> <span class='ocrx_word' id='word_1_83' title='bbox 440 1231 520 1298; x_wconf 83' lang='lat' dir='ltr'><strong>piceae</strong></span> <span class='ocrx_word' id='word_1_84' title='bbox 532 1249 539 1294; x_wconf 93' lang='lat'>;</span> <span class='ocrx_word' id='word_1_85' title='bbox 558 1236 633 1282; x_wconf 81' lang='lat' dir='ltr'><strong>sonat</strong></span> <span class='ocrx_word' id='word_1_86' title='bbox 644 1231 699 1282; x_wconf 83' lang='lat' dir='ltr'><strong>iota</strong></span> <span class='ocrx_word' id='word_1_87' title='bbox 711 1230 844 1282; x_wconf 83' lang='lat' dir='ltr'><strong>securibus</strong></span> <span class='ocrx_word' id='word_1_88' title='bbox 856 1231 910 1282; x_wconf 75' lang='lat' dir='ltr'><strong>ilex</strong></span> <span class='ocrx_word' id='word_1_89' title='bbox 923 1250 930 1294; x_wconf 88' lang='lat'>;</span> <span class='ocrx_word' id='word_1_90' title='bbox 1041 1234 1090 1283; x_wconf 88' lang='lat'><strong>180</strong></span> 
     </span>
     <span class='ocr_line' id='line_1_15' title="bbox 243 1298 858 1367; baseline 0.002 -17"><span class='ocrx_word' id='word_1_91' title='bbox 243 1299 435 1367; x_wconf 79' lang='lat' dir='ltr'><strong>Fraxineaeque</strong></span> <span class='ocrx_word' id='word_1_92' title='bbox 447 1298 533 1351; x_wconf 80' lang='lat' dir='ltr'><strong>trabes</strong></span> <span class='ocrx_word' id='word_1_93' title='bbox 546 1300 636 1351; x_wconf 90' lang='lat' dir='ltr'><strong>cuneis</strong></span> <span class='ocrx_word' id='word_1_94' title='bbox 648 1306 676 1352; x_wconf 91' lang='lat' dir='ltr'><strong>et</strong></span> <span class='ocrx_word' id='word_1_95' title='bbox 687 1300 766 1351; x_wconf 89' lang='lat' dir='ltr'><strong>fissile</strong></span> <span class='ocrx_word' id='word_1_96' title='bbox 778 1299 858 1351; x_wconf 89' lang='lat' dir='ltr'><strong>robur</strong></span> 
     </span>
     <span class='ocr_line' id='line_1_16' title="bbox 243 1368 939 1436; baseline 0 -15"><span class='ocrx_word' id='word_1_97' title='bbox 243 1368 382 1422; x_wconf 75' lang='lat' dir='ltr'><strong>Scinditur</strong></span> <span class='ocrx_word' id='word_1_98' title='bbox 394 1387 401 1431; x_wconf 88' lang='lat'>;</span> <span class='ocrx_word' id='word_1_99' title='bbox 418 1369 565 1421; x_wconf 74' lang='lat' dir='ltr'><strong>advolvunt</strong></span> <span class='ocrx_word' id='word_1_100' title='bbox 576 1369 698 1436; x_wconf 81' lang='lat' dir='ltr'><strong>ingentes</strong></span> <span class='ocrx_word' id='word_1_101' title='bbox 710 1368 844 1421; x_wconf 88' lang='lat' dir='ltr'><strong>montibus</strong></span> <span class='ocrx_word' id='word_1_102' title='bbox 856 1386 939 1422; x_wconf 89' lang='lat' dir='ltr'><strong>ornos.</strong></span> 
     </span>
     <span class='ocr_line' id='line_1_17' title="bbox 243 1437 839 1506; baseline -0.002 -16"><span class='ocrx_word' id='word_1_103' title='bbox 243 1438 300 1490; x_wconf 83' lang='lat' dir='ltr'><strong>Nec</strong></span> <span class='ocrx_word' id='word_1_104' title='bbox 311 1455 366 1490; x_wconf 89' lang='lat' dir='ltr'><strong>non</strong></span> <span class='ocrx_word' id='word_1_105' title='bbox 377 1437 476 1490; x_wconf 82' lang='lat' dir='ltr'><strong>AEneas</strong></span> <span class='ocrx_word' id='word_1_106' title='bbox 488 1456 566 1506; x_wconf 81' lang='lat' dir='ltr'><strong>opere</strong></span> <span class='ocrx_word' id='word_1_107' title='bbox 578 1439 648 1490; x_wconf 91' lang='lat' dir='ltr'><strong>inter</strong></span> <span class='ocrx_word' id='word_1_108' title='bbox 660 1439 726 1490; x_wconf 81' lang='lat' dir='ltr'><strong>telin</strong></span> <span class='ocrx_word' id='word_1_109' title='bbox 737 1439 839 1506; x_wconf 88' lang='lat' dir='ltr'><strong>primus</strong></span> 
     </span>
     <span class='ocr_line' id='line_1_18' title="bbox 245 1507 919 1575; baseline 0.001 -16"><span class='ocrx_word' id='word_1_110' title='bbox 245 1507 378 1560; x_wconf 76' lang='lat' dir='ltr'><strong>Hortatur</strong></span> <span class='ocrx_word' id='word_1_111' title='bbox 390 1508 478 1573; x_wconf 84' lang='lat' dir='ltr'><strong>socios,</strong></span> <span class='ocrx_word' id='word_1_112' title='bbox 490 1507 650 1575; x_wconf 80' lang='lat' dir='ltr'><strong>paribusque</strong></span> <span class='ocrx_word' id='word_1_113' title='bbox 662 1508 811 1574; x_wconf 79' lang='lat' dir='ltr'><strong>accingitur</strong></span> <span class='ocrx_word' id='word_1_114' title='bbox 823 1508 919 1560; x_wconf 83' lang='lat' dir='ltr'><strong>armis:</strong></span> 
     </span>
     <span class='ocr_line' id='line_1_19' title="bbox 243 1576 899 1645; baseline 0.003 -17"><span class='ocrx_word' id='word_1_115' title='bbox 243 1576 333 1644; x_wconf 83' lang='lat' dir='ltr'><strong>Atque</strong></span> <span class='ocrx_word' id='word_1_116' title='bbox 345 1577 402 1628; x_wconf 85' lang='lat' dir='ltr'><strong>haec</strong></span> <span class='ocrx_word' id='word_1_117' title='bbox 414 1578 470 1644; x_wconf 89' lang='lat' dir='ltr'><strong>ipse</strong></span> <span class='ocrx_word' id='word_1_118' title='bbox 483 1594 529 1628; x_wconf 86' lang='lat' dir='ltr'><strong>suo</strong></span> <span class='ocrx_word' id='word_1_119' title='bbox 541 1577 613 1628; x_wconf 86' lang='lat' dir='ltr'><strong>tristi</strong></span> <span class='ocrx_word' id='word_1_120' title='bbox 625 1595 686 1629; x_wconf 91' lang='lat' dir='ltr'><strong>cum</strong></span> <span class='ocrx_word' id='word_1_121' title='bbox 698 1578 776 1629; x_wconf 88' lang='lat' dir='ltr'><strong>eorde</strong></span> <span class='ocrx_word' id='word_1_122' title='bbox 787 1577 899 1645; x_wconf 83' lang='lat' dir='ltr'><strong>volutat,</strong></span> 
     </span>
     <span class='ocr_line' id='line_1_20' title="bbox 243 1645 985 1715; baseline 0.007 -19"><span class='ocrx_word' id='word_1_123' title='bbox 243 1645 391 1714; x_wconf 81' lang='lat' dir='ltr'><strong>Aspectons</strong></span> <span class='ocrx_word' id='word_1_124' title='bbox 403 1645 497 1697; x_wconf 81' lang='lat' dir='ltr'><strong>silvam</strong></span> <span class='ocrx_word' id='word_1_125' title='bbox 509 1647 671 1713; x_wconf 80' lang='lat' dir='ltr'><strong>immensam,</strong></span> <span class='ocrx_word' id='word_1_126' title='bbox 685 1653 712 1698; x_wconf 89' lang='lat' dir='ltr'><strong>et</strong></span> <span class='ocrx_word' id='word_1_127' title='bbox 724 1647 761 1698; x_wconf 91' lang='lat' dir='ltr'><strong>sic</strong></span> <span class='ocrx_word' id='word_1_128' title='bbox 773 1663 835 1699; x_wconf 88' lang='lat' dir='ltr'><strong>voce</strong></span> <span class='ocrx_word' id='word_1_129' title='bbox 846 1653 985 1715; x_wconf 81' lang='lat' dir='ltr'><strong>precatur:</strong></span> 
     </span>
     <span class='ocr_line' id='line_1_21' title="bbox 242 1712 870 1768; baseline -0.003 -1"><span class='ocrx_word' id='word_1_130' title='bbox 242 1717 258 1744; x_wconf 90' lang='lat'>“</span> <span class='ocrx_word' id='word_1_131' title='bbox 268 1715 296 1768; x_wconf 83' lang='lat' dir='ltr'><strong>si</strong></span> <span class='ocrx_word' id='word_1_132' title='bbox 308 1730 380 1766; x_wconf 88' lang='lat' dir='ltr'><strong>nunc</strong></span> <span class='ocrx_word' id='word_1_133' title='bbox 392 1730 419 1766; x_wconf 87' lang='lat' dir='ltr'><strong>se</strong></span> <span class='ocrx_word' id='word_1_134' title='bbox 430 1712 505 1764; x_wconf 92' lang='lat' dir='ltr'><strong>nobis</strong></span> <span class='ocrx_word' id='word_1_135' title='bbox 516 1712 562 1764; x_wconf 90' lang='lat' dir='ltr'><strong>ille</strong></span> <span class='ocrx_word' id='word_1_136' title='bbox 574 1730 668 1764; x_wconf 82' lang='lat' dir='ltr'><strong>oureus</strong></span> <span class='ocrx_word' id='word_1_137' title='bbox 681 1712 770 1765; x_wconf 85' lang='lat' dir='ltr'><strong>arbore</strong></span> <span class='ocrx_word' id='word_1_138' title='bbox 782 1731 870 1765; x_wconf 84' lang='lat' dir='ltr'><strong>ramus</strong></span> 
     </span>
     <span class='ocr_line' id='line_1_22' title="bbox 244 1782 931 1850; baseline -0.004 -13"><span class='ocrx_word' id='word_1_139' title='bbox 244 1783 374 1836; x_wconf 80' lang='lat' dir='ltr'><strong>Ostendat</strong></span> <span class='ocrx_word' id='word_1_140' title='bbox 385 1799 490 1833; x_wconf 89' lang='lat' dir='ltr'><strong>nemore</strong></span> <span class='ocrx_word' id='word_1_141' title='bbox 501 1782 530 1832; x_wconf 90' lang='lat' dir='ltr'><strong>in</strong></span> <span class='ocrx_word' id='word_1_142' title='bbox 543 1787 617 1834; x_wconf 84' lang='lat' dir='ltr'><strong>tanto</strong></span> <span class='ocrx_word' id='word_1_143' title='bbox 629 1786 634 1835; x_wconf 86' lang='lat' dir='ltr'><strong>l</strong></span> <span class='ocrx_word' id='word_1_144' title='bbox 655 1783 760 1850; x_wconf 81' lang='lat' dir='ltr'><strong>quaudo</strong></span> <span class='ocrx_word' id='word_1_145' title='bbox 772 1783 859 1834; x_wconf 83' lang='lat' dir='ltr'><strong>omnia</strong></span> <span class='ocrx_word' id='word_1_146' title='bbox 871 1799 931 1834; x_wconf 83' lang='lat' dir='ltr'><strong>vere</strong></span> 
     </span>
     <span class='ocr_line' id='line_1_23' title="bbox 243 1851 905 1907; baseline -0.009 -2"><span class='ocrx_word' id='word_1_147' title='bbox 243 1852 306 1905; x_wconf 88' lang='lat' dir='ltr'><strong>Heu</strong></span> <span class='ocrx_word' id='word_1_148' title='bbox 318 1852 431 1903; x_wconf 92' lang='lat' dir='ltr'><strong>nimium</strong></span> <span class='ocrx_word' id='word_1_149' title='bbox 443 1851 476 1902; x_wconf 88' lang='lat' dir='ltr'><strong>de</strong></span> <span class='ocrx_word' id='word_1_150' title='bbox 487 1856 514 1901; x_wconf 85' lang='lat' dir='ltr'><strong>te</strong></span> <span class='ocrx_word' id='word_1_151' title='bbox 527 1856 607 1907; x_wconf 83' lang='lat' dir='ltr'><strong>vetes,</strong></span> <span class='ocrx_word' id='word_1_152' title='bbox 619 1851 727 1905; x_wconf 82' lang='lat' dir='ltr'><strong>lllisene.</strong></span> <span class='ocrx_word' id='word_1_153' title='bbox 740 1852 828 1903; x_wconf 85' lang='lat' dir='ltr'><strong>locuta</strong></span> <span class='ocrx_word' id='word_1_154' title='bbox 841 1851 905 1902; x_wconf 84' lang='lat' dir='ltr'><strong>eet.’&#39;</strong></span> 
     </span>
     <span class='ocr_line' id='line_1_24' title="bbox 243 1919 1088 1987; baseline 0.002 -15"><span class='ocrx_word' id='word_1_155' title='bbox 243 1921 298 1972; x_wconf 87' lang='lat' dir='ltr'><strong>Vix</strong></span> <span class='ocrx_word' id='word_1_156' title='bbox 311 1920 427 1972; x_wconf 72' lang='lat' dir='ltr'><strong>ecfatus</strong></span> <span class='ocrx_word' id='word_1_157' title='bbox 439 1924 503 1985; x_wconf 80' lang='lat' dir='ltr'><strong>eret,</strong></span> <span class='ocrx_word' id='word_1_158' title='bbox 516 1919 628 1984; x_wconf 87' lang='lat' dir='ltr'><strong>geminae</strong></span> <span class='ocrx_word' id='word_1_159' title='bbox 641 1936 723 1987; x_wconf 93' lang='lat' dir='ltr'><strong>quum</strong></span> <span class='ocrx_word' id='word_1_160' title='bbox 735 1920 802 1971; x_wconf 83' lang='lat' dir='ltr'><strong>forte</strong></span> <span class='ocrx_word' id='word_1_161' title='bbox 815 1920 942 1973; x_wconf 81' lang='lat' dir='ltr'><strong>columbae</strong></span> <span class='ocrx_word' id='word_1_162' title='bbox 1040 1926 1088 1974; x_wconf 81' lang='lat'><strong>190</strong></span> 
     </span>
     <span class='ocr_line' id='line_1_25' title="bbox 244 1986 812 2055; baseline -0.005 -12"><span class='ocrx_word' id='word_1_163' title='bbox 244 1989 259 2042; x_wconf 95' lang='lat' dir='ltr'>I</span> <span class='ocrx_word' id='word_1_164' title='bbox 279 2006 308 2042; x_wconf 77' lang='lat' dir='ltr'><strong>sn</strong></span> <span class='ocrx_word' id='word_1_165' title='bbox 320 1986 370 2040; x_wconf 88' lang='lat' dir='ltr'><strong>sub</strong></span> <span class='ocrx_word' id='word_1_166' title='bbox 381 2004 426 2039; x_wconf 82' lang='lat' dir='ltr'><strong>ora</strong></span> <span class='ocrx_word' id='word_1_167' title='bbox 439 1987 489 2038; x_wconf 81' lang='lat' dir='ltr'><strong>viri</strong></span> <span class='ocrx_word' id='word_1_168' title='bbox 503 1987 566 2038; x_wconf 90' lang='lat' dir='ltr'><strong>coelo</strong></span> <span class='ocrx_word' id='word_1_169' title='bbox 579 2005 673 2040; x_wconf 87' lang='lat' dir='ltr'><strong>venere</strong></span> <span class='ocrx_word' id='word_1_170' title='bbox 685 1989 812 2055; x_wconf 83' lang='lat' dir='ltr'><strong>volantes,</strong></span> 
     </span>
    </p>

    <p class='ocr_par' dir='ltr' id='par_1_3' title="bbox 237 2056 1089 2900">
     <span class='ocr_line' id='line_1_26' title="bbox 268 2056 881 2110; baseline 0 0"><span class='ocrx_word' id='word_1_171' title='bbox 268 2067 281 2110; x_wconf 87' lang='lat' dir='ltr'><strong>t</strong></span> <span class='ocrx_word' id='word_1_172' title='bbox 293 2057 373 2110; x_wconf 83' lang='lat' dir='ltr'><strong>viridi</strong></span> <span class='ocrx_word' id='word_1_173' title='bbox 386 2057 474 2108; x_wconf 88' lang='lat' dir='ltr'><strong>sedere</strong></span> <span class='ocrx_word' id='word_1_174' title='bbox 486 2056 546 2107; x_wconf 89' lang='lat' dir='ltr'><strong>solo.</strong></span> <span class='ocrx_word' id='word_1_175' title='bbox 582 2057 650 2108; x_wconf 73' lang='lat' dir='ltr'><strong>Tum</strong></span> <span class='ocrx_word' id='word_1_176' title='bbox 661 2059 794 2109; x_wconf 84' lang='lat' dir='ltr'><strong>maximus</strong></span> <span class='ocrx_word' id='word_1_177' title='bbox 805 2059 881 2110; x_wconf 89' lang='lat' dir='ltr'><strong>heros</strong></span> 
     </span>
     <span class='ocr_line' id='line_1_27' title="bbox 244 2125 886 2195; baseline 0 -15"><span class='ocrx_word' id='word_1_178' title='bbox 244 2127 381 2180; x_wconf 77' lang='lat' dir='ltr'><strong>Maternae</strong></span> <span class='ocrx_word' id='word_1_179' title='bbox 393 2125 512 2193; x_wconf 76' lang='lat' dir='ltr'><strong>agnoscit</strong></span> <span class='ocrx_word' id='word_1_180' title='bbox 524 2141 592 2188; x_wconf 80' lang='lat' dir='ltr'><strong>aves,</strong></span> <span class='ocrx_word' id='word_1_181' title='bbox 604 2127 733 2195; x_wconf 87' lang='lat' dir='ltr'><strong>laetusque</strong></span> <span class='ocrx_word' id='word_1_182' title='bbox 746 2135 886 2195; x_wconf 81' lang='lat' dir='ltr'><strong>precetur:</strong></span> 
     </span>
     <span class='ocr_line' id='line_1_28' title="bbox 243 2192 999 2265; baseline 0.004 -19"><span class='ocrx_word' id='word_1_183' title='bbox 243 2194 333 2246; x_wconf 83' lang='lat' dir='ltr'><strong>“Este</strong></span> <span class='ocrx_word' id='word_1_184' title='bbox 345 2195 432 2260; x_wconf 84' lang='lat' dir='ltr'><strong>duces,</strong></span> <span class='ocrx_word' id='word_1_185' title='bbox 444 2211 467 2260; x_wconf 89' lang='lat' dir='ltr'><strong>o,</strong></span> <span class='ocrx_word' id='word_1_186' title='bbox 478 2192 500 2245; x_wconf 90' lang='lat' dir='ltr'><strong>si</strong></span> <span class='ocrx_word' id='word_1_187' title='bbox 513 2209 566 2260; x_wconf 82' lang='lat' dir='ltr'><strong>que</strong></span> <span class='ocrx_word' id='word_1_188' title='bbox 578 2193 621 2244; x_wconf 79' lang='lat' dir='ltr'><strong>vie</strong></span> <span class='ocrx_word' id='word_1_189' title='bbox 633 2200 682 2257; x_wconf 89' lang='lat' dir='ltr'><strong>est,</strong></span> <span class='ocrx_word' id='word_1_190' title='bbox 695 2210 852 2264; x_wconf 83' lang='lat' dir='ltr'><strong>cursumque</strong></span> <span class='ocrx_word' id='word_1_191' title='bbox 864 2214 910 2265; x_wconf 88' lang='lat' dir='ltr'><strong>per</strong></span> <span class='ocrx_word' id='word_1_192' title='bbox 923 2214 999 2249; x_wconf 77' lang='lat' dir='ltr'><strong>euros</strong></span> 
     </span>
     <span class='ocr_line' id='line_1_29' title="bbox 244 2264 881 2336; baseline 0.003 -18"><span class='ocrx_word' id='word_1_193' title='bbox 244 2265 361 2333; x_wconf 83' lang='lat' dir='ltr'><strong>Dirigite</strong></span> <span class='ocrx_word' id='word_1_194' title='bbox 372 2265 401 2316; x_wconf 93' lang='lat' dir='ltr'><strong>in</strong></span> <span class='ocrx_word' id='word_1_195' title='bbox 412 2264 492 2332; x_wconf 88' lang='lat' dir='ltr'><strong>lucos,</strong></span> <span class='ocrx_word' id='word_1_196' title='bbox 504 2265 550 2317; x_wconf 93' lang='lat' dir='ltr'><strong>ubi</strong></span> <span class='ocrx_word' id='word_1_197' title='bbox 563 2265 689 2333; x_wconf 81' lang='lat' dir='ltr'><strong>pinguem</strong></span> <span class='ocrx_word' id='word_1_198' title='bbox 702 2267 774 2319; x_wconf 90' lang='lat' dir='ltr'><strong>dives</strong></span> <span class='ocrx_word' id='word_1_199' title='bbox 787 2278 881 2336; x_wconf 82' lang='lat' dir='ltr'><strong>opacat</strong></span> 
     </span>
     <span class='ocr_line' id='line_1_30' title="bbox 245 2335 973 2405; baseline 0.004 -18"><span class='ocrx_word' id='word_1_200' title='bbox 245 2335 346 2388; x_wconf 65' lang='lat' dir='ltr'><strong>Remus</strong></span> <span class='ocrx_word' id='word_1_201' title='bbox 357 2335 476 2387; x_wconf 90' lang='lat' dir='ltr'><strong>humum.</strong></span> <span class='ocrx_word' id='word_1_202' title='bbox 512 2335 603 2401; x_wconf 75' lang='lat' dir='ltr'><strong>Tuque</strong></span> <span class='ocrx_word' id='word_1_203' title='bbox 615 2352 637 2401; x_wconf 87' lang='lat' dir='ltr'><strong>o,</strong></span> <span class='ocrx_word' id='word_1_204' title='bbox 651 2336 737 2388; x_wconf 90' lang='lat' dir='ltr'><strong>dubiis</strong></span> <span class='ocrx_word' id='word_1_205' title='bbox 750 2355 783 2389; x_wconf 90' lang='lat' dir='ltr'><strong>ne</strong></span> <span class='ocrx_word' id='word_1_206' title='bbox 796 2339 877 2389; x_wconf 88' lang='lat' dir='ltr'><strong>defice</strong></span> <span class='ocrx_word' id='word_1_207' title='bbox 889 2338 973 2405; x_wconf 87' lang='lat' dir='ltr'><strong>robus,</strong></span> 
     </span>
     <span class='ocr_line' id='line_1_31' title="bbox 244 2403 1039 2475; baseline 0.004 -18"><span class='ocrx_word' id='word_1_208' title='bbox 244 2405 315 2458; x_wconf 73' lang='lat' dir='ltr'><strong>Diva</strong></span> <span class='ocrx_word' id='word_1_209' title='bbox 326 2403 444 2472; x_wconf 79' lang='lat' dir='ltr'><strong>parens.”</strong></span> <span class='ocrx_word' id='word_1_210' title='bbox 480 2403 523 2456; x_wconf 85' lang='lat' dir='ltr'><strong>Sic</strong></span> <span class='ocrx_word' id='word_1_211' title='bbox 535 2405 628 2456; x_wconf 82' lang='lat' dir='ltr'><strong>effatus</strong></span> <span class='ocrx_word' id='word_1_212' title='bbox 642 2407 753 2473; x_wconf 79' lang='lat' dir='ltr'><strong>vestigia</strong></span> <span class='ocrx_word' id='word_1_213' title='bbox 765 2408 866 2475; x_wconf 85' lang='lat' dir='ltr'><strong>pressit,</strong></span> <span class='ocrx_word' id='word_1_214' title='bbox 1035 2415 1039 2421; x_wconf 89' lang='grc'><strong><em>’</em></strong></span> 
     </span>
     <span class='ocr_line' id='line_1_32' title="bbox 245 2474 978 2543; baseline 0 -16"><span class='ocrx_word' id='word_1_215' title='bbox 245 2474 394 2527; x_wconf 82' lang='lat' dir='ltr'><strong>Observans</strong></span> <span class='ocrx_word' id='word_1_216' title='bbox 406 2490 465 2540; x_wconf 82' lang='lat' dir='ltr'><strong>quae</strong></span> <span class='ocrx_word' id='word_1_217' title='bbox 478 2474 553 2541; x_wconf 82' lang='lat' dir='ltr'><strong>signe</strong></span> <span class='ocrx_word' id='word_1_218' title='bbox 565 2474 660 2539; x_wconf 84' lang='lat' dir='ltr'><strong>ferent,</strong></span> <span class='ocrx_word' id='word_1_219' title='bbox 674 2491 726 2542; x_wconf 92' lang='lat' dir='ltr'><strong>quo</strong></span> <span class='ocrx_word' id='word_1_220' title='bbox 738 2475 846 2526; x_wconf 87' lang='lat' dir='ltr'><strong>tendere</strong></span> <span class='ocrx_word' id='word_1_221' title='bbox 858 2479 978 2543; x_wconf 81' lang='lat' dir='ltr'><strong>pergant.</strong></span> 
     </span>
     <span class='ocr_line' id='line_1_33' title="bbox 244 2543 819 2611; baseline -0.002 -14"><span class='ocrx_word' id='word_1_222' title='bbox 244 2544 387 2597; x_wconf 68' lang='lat' dir='ltr'><strong>Pascentes</strong></span> <span class='ocrx_word' id='word_1_223' title='bbox 398 2543 452 2594; x_wconf 84' lang='lat' dir='ltr'><strong>illes</strong></span> <span class='ocrx_word' id='word_1_224' title='bbox 464 2549 571 2596; x_wconf 82' lang='lat' dir='ltr'><strong>tantum</strong></span> <span class='ocrx_word' id='word_1_225' title='bbox 583 2544 687 2611; x_wconf 89' lang='lat' dir='ltr'><strong>prodire</strong></span> <span class='ocrx_word' id='word_1_226' title='bbox 699 2544 819 2611; x_wconf 83' lang='lat' dir='ltr'><strong>volando,</strong></span> 
     </span>
     <span class='ocr_line' id='line_1_34' title="bbox 245 2613 1089 2682; baseline 0.002 -17"><span class='ocrx_word' id='word_1_227' title='bbox 245 2614 384 2679; x_wconf 81' lang='lat' dir='ltr'><strong>Quantum</strong></span> <span class='ocrx_word' id='word_1_228' title='bbox 395 2613 451 2666; x_wconf 78' lang='lat' dir='ltr'><strong>acie</strong></span> <span class='ocrx_word' id='word_1_229' title='bbox 463 2619 570 2682; x_wconf 87' lang='lat' dir='ltr'><strong>possent</strong></span> <span class='ocrx_word' id='word_1_230' title='bbox 582 2614 651 2665; x_wconf 92' lang='lat' dir='ltr'><strong>oculi</strong></span> <span class='ocrx_word' id='word_1_231' title='bbox 664 2629 766 2665; x_wconf 79' lang='lat' dir='ltr'><strong>servare</strong></span> <span class='ocrx_word' id='word_1_232' title='bbox 779 2619 943 2679; x_wconf 80' lang='lat' dir='ltr'><strong>sequentum.</strong></span> <span class='ocrx_word' id='word_1_233' title='bbox 1039 2614 1089 2668; x_wconf 73' lang='lat'><strong>200</strong></span> 
     </span>
     <span class='ocr_line' id='line_1_35' title="bbox 245 2681 937 2750; baseline -0.004 -13"><span class='ocrx_word' id='word_1_234' title='bbox 245 2684 314 2737; x_wconf 89' lang='lat' dir='ltr'><strong>Inde</strong></span> <span class='ocrx_word' id='word_1_235' title='bbox 326 2681 373 2734; x_wconf 86' lang='lat' dir='ltr'><strong>ubi</strong></span> <span class='ocrx_word' id='word_1_236' title='bbox 384 2699 478 2735; x_wconf 81' lang='lat' dir='ltr'><strong>renem</strong></span> <span class='ocrx_word' id='word_1_237' title='bbox 490 2683 525 2734; x_wconf 83' lang='lat' dir='ltr'><strong>ed</strong></span> <span class='ocrx_word' id='word_1_238' title='bbox 537 2683 627 2734; x_wconf 81' lang='lat' dir='ltr'><strong>fauces</strong></span> <span class='ocrx_word' id='word_1_239' title='bbox 638 2682 814 2750; x_wconf 80' lang='lat' dir='ltr'><strong>graveolentis</strong></span> <span class='ocrx_word' id='word_1_240' title='bbox 827 2683 937 2750; x_wconf 70' lang='lat' dir='ltr'><strong>Averni,</strong></span> 
     </span>
     <span class='ocr_line' id='line_1_36' title="bbox 244 2751 964 2827; baseline 0.001 -21"><span class='ocrx_word' id='word_1_241' title='bbox 244 2752 356 2806; x_wconf 73' lang='lat' dir='ltr'><strong>Tollunt</strong></span> <span class='ocrx_word' id='word_1_242' title='bbox 368 2769 395 2804; x_wconf 89' lang='lat' dir='ltr'><strong>se</strong></span> <span class='ocrx_word' id='word_1_243' title='bbox 407 2752 502 2804; x_wconf 80' lang='lat' dir='ltr'><strong>celeres</strong></span> <span class='ocrx_word' id='word_1_244' title='bbox 509 2770 519 2815; x_wconf 89' lang='lat'><strong>,·</strong></span> <span class='ocrx_word' id='word_1_245' title='bbox 535 2751 725 2825; x_wconf 86' lang='lat' dir='ltr'><strong>liquidumque</strong></span> <span class='ocrx_word' id='word_1_246' title='bbox 736 2771 785 2827; x_wconf 86' lang='lat' dir='ltr'><strong>per</strong></span> <span class='ocrx_word' id='word_1_247' title='bbox 798 2753 964 2826; x_wconf 71' lang='lat' dir='ltr'><strong>nemlspsee</strong></span> 
     </span>
     <span class='ocr_line' id='line_1_37' title="bbox 237 2820 923 2900; baseline 0.015 -26"><span class='ocrx_word' id='word_1_248' title='bbox 237 2821 351 2874; x_wconf 65' lang='lat' dir='ltr'><strong>Sedibus</strong></span> <span class='ocrx_word' id='word_1_249' title='bbox 360 2820 460 2888; x_wconf 75' lang='lat' dir='ltr'><strong>optatis</strong></span> <span class='ocrx_word' id='word_1_250' title='bbox 468 2823 586 2892; x_wconf 86' lang='lat' dir='ltr'><strong>geminae</strong></span> <span class='ocrx_word' id='word_1_251' title='bbox 599 2843 684 2900; x_wconf 86' lang='lat' dir='ltr'><strong>super</strong></span> <span class='ocrx_word' id='word_1_252' title='bbox 698 2828 799 2885; x_wconf 80' lang='lat' dir='ltr'><strong>arbore</strong></span> <span class='ocrx_word' id='word_1_253' title='bbox 810 2829 923 2896; x_wconf 71' lang='lat' dir='ltr'><strong>sidunt,</strong></span> 
     </span>
    </p>
   </div>
   <div class='ocr_carea' id='block_1_3' title="bbox 0 0 1355 3242">
    <p class='ocr_par' dir='ltr' id='par_1_4' title="bbox 0 0 1355 3242">
     <span class='ocr_line' id='line_1_38' title="bbox 0 0 1355 3242; baseline 0 0"><span class='ocrx_word' id='word_1_254' title='bbox 0 0 1355 3242; x_wconf 95' lang='lat' dir='ltr'><strong> </strong></span> 
     </span>
    </p>
   </div>
  </div>
 </body>
</html>
