2700 3242
327 309 492 364 AENEIDOS
511 311 575 363 LIB.
596 313 641 365 VI.
857 318 904 368 221

227 413 248 466 d
261 418 370 477 ventos3
388 414 447 466 aliis
460 413 508 465 sub
520 415 625 482 gurgite
637 423 712 468 vasto

227 484 308 536 luitur
320 483 411 549 scelus,
423 490 471 536 aut
483 485 604 536 exuritur
616 485 672 552 igni
683 504 690 548 ;

227 571 251 606 os
263 553 381 622 patimur
393 570 483 605 manes
493 572 500 616 ;
518 555 614 605 exinde
626 571 673 622 per
685 553 802 622 amplum

227 623 338 692 ilysium,
352 628 380 674 et
391 622 470 690 pauci
482 622 544 674 lata
556 641 619 675 arva
631 631 767 676 tenemus:

227 710 244 745 a
256 692 318 758 dies,
330 692 447 760 perfecto
459 693 583 760 temporis
595 693 663 758 orbe,

230 761 330 814 exemit
341 761 435 828 labem,
448 778 596 829 purumque
608 761 717 829 reliquit

228 848 339 897 sensum,
352 835 433 898 atque
445 834 521 882 aurai
534 831 659 899 simplicis
672 831 768 898 ignem.

241 900 288 952 ubi
299 900 372 952 mille
384 905 470 952 rotam
481 899 585 952 volvere
597 918 643 968 per
655 918 744 969 annos,

229 969 370 1022 diluvium
383 969 447 1020 deus
459 975 551 1020 evocat
563 971 668 1036 agmine
680 987 792 1037 magno:

228 1055 350 1104 nemores,
364 1055 459 1106 supera
470 1044 502 1089 ut
514 1055 630 1090 convexa
641 1040 758 1092 revisant
857 1041 908 1096 750

228 1108 355 1176 incipiant
367 1109 396 1159 in
409 1124 516 1175 corpora
528 1109 595 1159 velle
608 1105 724 1161 reverti?

228 1177 332 1240 ‚ohises;
349 1183 496 1243 natumque
507 1194 613 1245 unaque
626 1177 754 1244 Sibyllam

228 1246 311 1299 trahit
323 1247 351 1298 in
363 1247 469 1313 medios,
482 1246 639 1315 turbamque
651 1254 804 1300 sonantem:

228 1333 248 1367 n
260 1316 339 1384 capit,
351 1316 423 1367 unde
435 1333 524 1367 omnes
537 1315 615 1383 longo
628 1316 719 1368 ordine
731 1317 812 1384 possit

228 1402 301 1452 igere,
313 1390 340 1437 et
352 1385 506 1437 venientum
519 1384 618 1436 discere
630 1384 728 1437 vultus.

228 1469 273 1521 ge,
287 1453 452 1506 Dardaniam
483 1453 564 1505 rolem
577 1468 635 1518 quae
649 1452 743 1505 deinde
756 1459 882 1522 sequatur

234 1527 359 1574 maneant
372 1521 442 1572 Itala
473 1538 487 1572 e
499 1525 579 1587 gente
591 1525 707 1588 nepotes,

228 1592 307 1657 rimas,
319 1596 490 1657 nostrumque
503 1590 531 1640 in
543 1606 638 1641 nomen
650 1589 741 1656 ituras,

228 1660 311 1727 dictis,
324 1665 351 1711 et
363 1665 390 1711 tc
402 1665 450 1711 tua
462 1659 519 1710 fata
531 1657 634 1709 docebo.

229 1747 296 1798 pura
304 1729 410 1796 juvenis
424 1729 470 1796 qui
483 1728 579 1779 nititur
591 1727 675 1794 hasta,
860 1729 909 1779 700

228 1805 272 1851 ute
284 1804 358 1850 tenet
370 1798 436 1850 lucis
449 1798 513 1864 loca,
527 1797 627 1865 primus
639 1797 673 1848 ad
686 1813 763 1849 auras

228 1868 282 1920 talo
295 1868 452 1919 commixtus
465 1867 594 1934 sanguine
607 1872 696 1934 surget

228 1955 320 1989 >anum
331 1954 434 2003 nomen,
447 1942 495 1988 tua
507 1942 629 2004 postuma
641 1936 742 2003 proles:

227 2007 343 2075 longaevo
356 2024 441 2058 serum
455 2006 566 2057 Lavinia
578 2007 675 2072 conjux

228 2077 255 2129 is
267 2094 363 2144 regem,
375 2092 519 2143 regumque
532 2082 684 2142 parentem:

229 2163 241 2198 s
253 2146 344 2214 Longa
355 2154 475 2197 nostrum
487 2144 666 2196 dominabitur
678 2143 753 2196 Alba

229 2215 266 2267 lle
278 2215 381 2281 Procas,
393 2215 512 2282 Trojanae
524 2214 608 2281 gloria
619 2214 713 2280 gentis,

228 2291 251 2337 st
262 2285 393 2351 Numitor,
406 2291 433 2336 et
445 2285 491 2351 qui
503 2291 530 2335 te
542 2284 648 2334 nomine
660 2283 754 2334 reddet

229 2372 284 2421 reos,
296 2355 395 2423 pariter
407 2354 507 2421 pietate
519 2352 561 2404 vel
573 2353 653 2404 armis

229 2424 242 2475 ri
254 2441 372 2492 unquam
384 2423 546 2490 regnandam
558 2421 689 2488 acceperit
701 2420 803 2473 Albam.
864 2419 914 2472 770

229 2495 259 2546 rs!
279 2498 392 2561 quantas
405 2498 547 2557 ostentant,
560 2491 655 2558 aspice,
668 2491 753 2542 vires!

229 2563 309 2615 [brata
321 2568 417 2630 gerunt
430 2562 501 2613 civili
515 2569 633 2628 tempora
645 2576 751 2627 quercu,

229 2639 354 2698 mentum,
367 2638 394 2684 et
407 2631 508 2695 Gabios,
520 2631 664 2696 urbemque
677 2629 811 2694 Fidenam,

229 2719 267 2753 ras
279 2702 416 2769 imponent
427 2700 560 2751 montibus
574 2715 652 2763 arces,

229 2771 322 2823 dicitia
336 2770 455 2840 celebres,
468 2769 625 2842 addentque
637 2764 785 2842 sunerbosq

229 2838 395 2909 astrumque
411 2842 483 2916 lnui,
498 2844 668 2918 Bolamque,
678 2843 848 2911 boram‘bffl
