2700 3242
624 308 723 361 OIRIS.

254 412 372 466 Candida
384 428 514 465 concessos
526 410 650 464 ascendat
662 411 727 463 Ciris
739 410 856 463 honores.

289 482 403 549 Jamque
410 481 479 546 adeo
491 480 563 532 dulci
575 480 713 533 devinctus
724 480 826 532 lumina
838 495 928 532 somno

252 551 333 604 Nisus
345 557 409 616 erat,
417 551 443 603 vi
464 551 469 562 '
483 567 579 617 umque
592 550 683 617 procul
696 550 815 601 custodia
826 549 917 617 primis

252 619 385 673 Excubiae
398 621 447 671 fori
465 637 496 670 us
508 619 595 671 studio
603 619 723 686 jactabat
735 619 824 671 inani:

253 689 342 753 Quum
354 690 447 741 furtim
459 689 540 741 tacite
553 688 711 740 descendens
723 687 811 756 Scylla
823 687 904 739 cubili

252 759 368 811 Auribus
381 758 487 810 arrectis
500 763 629 809 nocturna
641 757 747 809 silentia
758 763 854 824 tentat,
1041 760 1092 810 210

251 827 288 880 Et
300 829 393 896 pressis
406 834 512 879 tenuem
525 827 685 893 singultibus
697 828 760 878 a'era
771 832 868 894 captat.

253 897 320 949 Tum
333 914 457 964 suspensa
468 897 558 948 levans
571 896 662 963 digitis
674 896 787 963 vestigia
817 896 890 947 rimis

252 966 403 1034 Egreditur,
415 967 535 1033 ferroque
547 982 641 1016 manus
653 971 755 1016 armata
767 913 869 1017 bidenti

251 1035 362 1088 Evolat:
380 1044 409 1088 at
421 1036 515 1086 demtae
527 1033 614 1086 subita
625 1034 654 1085 in
665 1035 804 1086 formidine
816 1034 891 1086 vires.

253 1105 381 1157 caeruleas
394 1123 440 1157 sua
452 1105 525 1156 furta
537 1105 609 1171 prius
621 1109 735 1156 testatur
747 1104 781 1156 ad
793 1103 906 1156 umbras.

251 1174 328 1241 Nam,
341 1192 394 1242 qua
406 1191 432 1226 se
444 1174 478 1225 ad
491 1174 606 1241 patrium
618 1173 744 1224 tendebat
756 1173 849 1225 semita
861 1173 949 1240 limen,

252 1243 388 1296 Vestibulo
400 1245 428 1294 in
441 1243 552 1295 thalami
564 1242 673 1310 paulum
686 1248 838 1308 remoratur,
848 1248 875 1294 et
886 1243 971 1295 altum

251 1312 366 1381 Suspicit
378 1314 412 1364 ad
424 1313 490 1364 culti
502 1313 626 1363 nutantia
638 1312 723 1362 sidera
734 1311 835 1378 mundi,

250 1382 277 1434 N
278 1400 311 1433 on
323 1389 430 1450 accepta
442 1383 492 1450 piis
505 1382 659 1449 promittens
670 1398 781 1432 munera
793 1380 867 1433 divis.

288 1452 373 1515 Quam
385 1451 462 1503 simul
476 1451 571 1518 Ogygii
584 1450 715 1501 Phoenicis
730 1449 784 1501 filia
797 1450 888 1501 Carme
1039 1455 1090 1504 220

251 1520 362 1588 Surgere
374 1521 455 1573 sensit
467 1520 692 1586 anus—sonitum
704 1537 766 1570 nam
777 1520 876 1571 fecerat
887 1519 928 1571 illi

251 1590 396 1642 Marmoreo
409 1596 504 1642 aeratus
516 1589 628 1641 stridens
640 1588 668 1639 in
681 1588 772 1641 limine
784 1589 896 1641 carde-

252 1659 364 1727 Oorripit
377 1659 507 1726 extemplo
519 1660 613 1710 fessam
626 1658 752 1725 languore
764 1658 888 1725 puellam,

252 1725 288 1778 Ilt
299 1726 386 1790 simul,
401 1726 445 1778 “0
458 1725 532 1778 nobis
543 1742 644 1777 sacrum
656 1724 761 1793 caput,”
773 1727 867 1794 inquit,
882 1724 1018 1789 “alumna

250 1795 277 1848 N
278 1812 311 1847 on
322 1795 373 1847 tibi
384 1794 561 1862 nequidquam
573 1792 664 1845 viridis
677 1809 723 1859 per
735 1792 834 1844 viscera
845 1791 929 1860 pallor

251 1865 372 1932 AEgrotas
384 1864 459 1915 tenui
471 1863 581 1914 suffudit
594 1863 722 1928 sanguine
735 1876 814 1911 venas
825 1878 832 1922 ;

251 1934 307 1986 Nec
318 1933 390 1996 levis,
403 1933 452 1984 hcc
463 1932 561 1983 faceres
574 1931 670 1997 (neque
683 1929 753 1980 enim
765 1928 845 1996 pote),
859 1942 922 1978 cura
933 1924 1051 1992 subegit:

251 2003 333 2055 Haud
345 2003 428 2067 fallor,
442 2001 510 2068 quod
523 2006 549 2051 te
562 2000 648 2066 potius
661 1998 825 2049 Rhamnusia
836 1995 914 2047 fallit.

251 2073 321 2124 Nam
333 2089 386 2139 qua
397 2078 424 2123 te
436 2087 515 2122 causa
526 2085 575 2120 ncc
588 2067 671 2118 dulcis
684 2066 778 2134 pocula
791 2064 896 2129 Bacchi,

250 2141 307 2194 Nec
318 2140 439 2209 gravidos
452 2139 550 2191 Cereris
562 2137 648 2188 dicam
661 2136 812 2202 contingere
824 2131 912 2186 fetusl
1039 2134 1091 2186 230

252 2210 310 2274 Qua
322 2227 401 2262 causa
413 2209 447 2260 ad
477 2208 576 2260 atrium
588 2206 669 2257 sclam
681 2204 791 2271 vigilare
803 2202 897 2270 cubile,

251 2280 376 2348 Tempore
389 2295 440 2347 quo
464 2294 531 2330 essas
543 2275 664 2328 mortalia
676 2280 782 2342 pectora
794 2289 877 2338 curas,

251 2350 309 2413 Quo
321 2349 424 2416 rapidos
437 2348 517 2400 etiam
529 2345 696 2414 requiescunt
708 2343 818 2394 flumina
829 2340 938 2394 cursus?

250 2418 301 2471 Dic
313 2435 362 2485 age
374 2434 445 2469 nunc
457 2417 558 2468 miserae
571 2415 671 2479 saltem,
686 2412 755 2480 quod
768 2429 836 2481 saepe
847 2409 949 2480 petenti

250 2489 270 2541 J
271 2487 365 2539 urabas
377 2486 445 2538 nihil
457 2503 511 2538 esse
523 2484 597 2550 mihi,
606 2500 689 2550 quum
700 2487 792 2534 maesta
803 2479 920 2550 parentis

250 2557 386 2610 Formosus
398 2555 496 2607 circum
508 2555 581 2620 virgo
593 2569 721 2604 morerere
733 2550 861 2619 capillos?

250 2627 314 2679 Heu
325 2625 399 2691 mihi,
412 2642 445 2676 ne
457 2625 530 2675 furor
541 2624 586 2674 ille
598 2628 658 2673 tuos
670 2621 797 2673 invaserit
808 2627 889 2686 artus,

251 2696 309 2762 Ille,
324 2693 415 2746 Arabis
427 2693 542 2761 Myrrhae
556 2691 688 2760 quondam
700 2691 746 2758 qui
759 2688 946 2758 capitaulas„

251 2765 289 2817 Ut
302 2763 396 2816 scelere
408 2763 523 2831 infando,
536 2761 606 2832 qnod
618 2777 668 2814 nec
681 2761 748 2815 sinit
760 2759 902 2825 Adrastia,
1082 2801 1144 2854 w

242 2833 351 2884 haedere
363 2836 506 2902 utrumque
518 2851 575 2889 uno
588 2833 702 2891 studeas
715 2849 811 2888 errare
819 2831 986 2901 parsum
