2700 3242
522 257 688 311 AENEIDOS
702 259 773 313 LlB.
792 257 839 310 VI.
1050 260 1101 308 203

254 362 316 426 Qua
328 365 377 414 tua
387 365 415 414 te
426 361 535 414 fortuna
548 361 623 413 sinet.
655 360 707 415 Via
718 361 804 429 prima
816 361 916 415 salutis.

254 431 333 495 Quod
345 431 454 482 minime
466 431 538 497 reris,
552 430 630 482 Graia
642 430 775 497 pandetur
786 430 820 481 ab
833 430 917 482 urbe.'’

279 499 398 556 ,Talibus
411 517 445 551 ex
457 499 538 566 adyto
550 499 629 550 dictis
642 499 748 551 Oumaea
760 498 862 567 Sibylla

253 568 408 622 Horrendus
421 569 495 620 canit
507 568 639 635 ambages,
651 574 780 636 antroque
792 568 908 635 remugit

253 637 380 690 Obscuris
392 655 454 690 vera
466 638 620 689 involvens:
638 653 669 688 ea
681 637 757 688 frena
768 637 870 689 furenti
1053 639 1102 687 100

253 707 387 773 Concutit,
400 712 427 758 et
439 706 560 758 stimulos
572 706 621 758 sub
632 711 737 774 pectore
749 707 830 758 vertit
842 705 944 775 Apollo.

253 775 293 828 Ut
305 776 422 844 primum
434 776 512 828 cessit
523 776 604 841 furor,
616 781 643 827 et
655 775 748 827 rabida
760 791 806 827 ora
818 775 951 843 quierunt,

253 845 357 913 Incipit
369 845 466 897 AEneae
477 845 566 898 heros:
585 846 667 898 “Non
680 847 735 898 ulla
747 846 874 911 laborum,

253 914 277 966 Ο
290 915 373 981 virgo,
385 931 454 967 nova
465 914 503 964 mi
515 913 595 965 facies
607 913 748 980 inopinave
760 913 860 980 surgit:

254 983 353 1035 Omnia
364 983 486 1052 praecepi,
499 989 579 1050 atque
591 982 679 1034 animo
691 998 796 1033 mecum
807 989 870 1034 ante
881 982 978 1050 peregi.

254 1052 348 1104 Unum
359 1052 546 1119 oro-quando
558 1051 602 1103 hic
614 1051 712 1102 inferni
721 1052 806 1117 Janua
817 1051 886 1118 regis

253 1120 370 1188 Dicitur,
382 1127 409 1173 et
421 1120 558 1174 tenebrosa
569 1121 646 1188 palus
659 1120 808 1172 Acheronte
820 1121 943 1172 refuso-

254 1190 298 1243 Ire
310 1191 345 1242 ad
358 1196 528 1259 conspectum
540 1190 595 1241 cari
606 1189 732 1257 genitoris
745 1196 772 1241 et
785 1206 830 1241 ora

254 1259 416 1327 Contingat:
434 1259 526 1311 doceas
537 1259 596 1326 iter,
609 1265 636 1310 et
649 1275 722 1310 sacra
734 1259 801 1309 ostia
813 1258 921 1326 pandas

254 1328 338 1380 Illum
350 1345 399 1395 ego
430 1346 458 1380 er
469 1329 588 1380 flammas
601 1334 629 1379 et
639 1328 714 1379 mille
726 1329 862 1395 sequentia
873 1327 927 1378 tela
1052 1329 1101 1377 110

253 1397 349 1466 Eripui
361 1398 403 1449 hie
411 1346 539 1464 inumeris,
551 1397 691 1464 medioque
703 1414 737 1448 ex
749 1397 824 1448 hoste
835 1397 922 1464 recepi
932 1415 939 1459 ;

254 1466 313 1533 Ille,
325 1484 415 1519 meum
427 1467 569 1519 comitatus
580 1467 639 1533 iter,
651 1466 735 1517 maria
747 1467 836 1518 omnia
846 1483 952 1517 mecum

253 1535 344 1604 Atque
357 1553 446 1588 omnes
458 1536 598 1605 pelagique
609 1536 696 1587 minas
707 1535 819 1602 coelique
831 1534 932 1587 ferebat

254 1605 402 1672 Invalidus,
414 1605 482 1658 vires
495 1605 567 1657 ultra
579 1610 727 1672 sortemque
740 1610 858 1656 senecta.

255 1674 335 1741 Quin,
347 1681 380 1727 ut
391 1682 418 1727 te
431 1674 543 1742 supplex
556 1680 673 1742 peterem
685 1680 713 1725 et
724 1680 773 1725 tua
784 1674 877 1726 limina
889 1673 997 1740 adirem,

254 1743 332 1796 Idem
344 1760 420 1796 orans
432 1743 559 1795 mandata
572 1741 659 1795 dabat.
689 1743 806 1811 Natique
817 1743 960 1811 patrisque,

253 1812 451 1933 Alm’sfw’
463 1813 600 1876 miserere;
617 1818 691 1880 potes
703 1830 818 1880 namque
830 1813 931 1864 omnia:
949 1828 997 1863 nec
1009 1818 1036 1863 te

252 1881 344 1951 Nequi
362 1899 442 1950 quam
453 1882 520 1934 lucis
533 1882 634 1934 Hecate
647 1882 766 1949 praefecit
777 1881 903 1944 Aramis;

253 1950 283 2003 Si
295 1951 386 2019 potuit
397 1968 487 2003 manes
499 1968 627 2003 arcessere
639 1951 760 2018 conjugis
773 1951 900 2019 Orpheus,

253 2019 378 2072 Threicia
389 2019 473 2072 fretus
486 2019 588 2072 cithara
599 2018 749 2087 fidibusque
761 2020 862 2071 canoris
872 2038 880 2083 ;
1051 2020 1099 2068 120

252 2088 283 2142 Si
295 2089 406 2142 fratrem
417 2088 515 2142 Pollux
527 2089 630 2142 alterna
641 2095 726 2140 morte
738 2089 857 2154 redemit,

253 2157 335 2226 Itque
346 2158 466 2227 reditque
478 2159 550 2210 riam
561 2159 647 2210 toties.
678 2158 748 2221 Quid
760 2158 866 2224 Thesea,
879 2173 1006 2224 magnum

255 2225 328 2291 Quid
338 2242 478 2278 memorem
490 2225 622 2278 Alcidenl
640 2226 675 2278 Et
687 2227 725 2277 mi
737 2243 818 2293 genus
831 2227 864 2278 ab
877 2226 944 2278 Jove
958 2225 1084 2278 summo.”

291 2294 398 2347 Talibus
411 2294 502 2348 orabat
514 2295 599 2360 dictis,
611 2312 723 2362 arasque
735 2295 842 2347 tenebat
852 2313 859 2358 ;

255 2362 345 2428 Quum
357 2363 394 2415 sie
406 2381 464 2416 orsa
475 2364 547 2430 loqui
559 2370 647 2416 vates:
667 2367 682 2392 “
692 2364 754 2416 Sate
766 2364 895 2430 sangiune
907 2364 1007 2430 divum,

252 2432 318 2486 Tros
330 2431 498 2499 Anchisiade,
510 2432 597 2484 facilis
609 2431 749 2485 descensus
761 2432 865 2483 Averno
875 2449 883 2495 ;

252 2501 351 2554 Noctes
363 2508 443 2571 atque
456 2503 511 2554 dies
523 2508 598 2569 patet
610 2502 662 2554 atri
669 2503 755 2569 janua
767 2500 837 2552 Ditis
848 2519 855 2563 ;

253 2569 306 2623 Sed
318 2588 439 2624 revocare
451 2571 565 2639 gradum
576 2588 736 2639 superasque
748 2569 858 2622 evadere
870 2568 905 2621 ad
917 2585 1001 2632 auras,

252 2639 314 2692 Hoc
325 2657 398 2708 opus,
410 2640 455 2693 hic
467 2640 540 2693 labor
553 2646 599 2692 est.
629 2640 719 2705 Pauci,
732 2655 797 2706 quos
809 2655 899 2705 aequus
911 2639 1010 2690 amavit

252 2709 371 2778 Jupiter,
380 2714 428 2762 ant
439 2709 533 2762 ardens
546 2709 634 2762 evexit
645 2710 681 2763 ad
693 2708 794 2764 aethera
804 2707 904 2775 uirtus,
1057 2707 1114 2756 RQ

249 2777 518 2844 Disgenitipotuere.
551 2779 657 2840 Tenent
670 2784 764 2840 media
776 2783 873 2839 omnia
885 2781 979 2847 surae,
