2700 3242
515 301 684 353 AENElDOS
702 300 768 352 LlB.
788 301 810 352 Ι.

241 403 406 466 Phoenicum,
419 407 447 454 et
459 419 554 470 magno
566 401 667 452 miserae
680 400 792 452 dilectus
803 418 897 466 amore,

242 473 290 526 Cui
302 479 380 542 pater
392 472 520 524 intactam
533 470 646 536 dederat,
660 471 802 538 primisque
811 472 919 538 jugaret

242 543 389 595 Ominibus.
425 541 476 594 Sed
488 558 570 608 regua
582 540 643 608 Tyri
656 557 796 607 germanus
809 540 922 593 habebat

241 611 408 680 Pygmalion,
420 610 516 662 seelere
528 619 591 662 ante
602 610 666 662 alios
680 609 818 661 immanior
830 627 925 663 omnes.

242 681 313 746 Quos
325 682 397 733 inter
408 680 510 732 medius
523 679 596 730 venit
607 679 687 731 furor.
725 678 774 729 llle
787 679 925 746 Sychaeum

242 750 346 820 Impius
358 756 421 802 aute
434 767 492 801 aras
504 757 584 816 atque
596 749 653 800 auri
666 765 749 800 eacus
762 766 849 800 amore

243 819 316 872 Clam
329 820 398 872 ferro
411 819 548 871 incautum
563 823 676 886 superat,
690 835 795 869 securus
808 835 926 870 amorum
1035 823 1085 871 aa·

243 889 398 952 Germanae3
416 888 569 956 factumque
583 887 630 938 diu
642 887 745 949 celavit,
758 896 785 938 et
798 905 901 955 egram,

243 958 332 1011 Multa
344 957 431 1010 malus
444 957 577 1021 simulans,
590 974 658 1007 vana
671 973 716 1024 spe
730 956 793 1008 lusit
805 967 946 1012 amantem

244 1027 304 1097 Ipsa
317 1027 362 1080 sed
375 1027 403 1079 in
417 1027 512 1078 somnis
525 1026 657 1077 inhumati
671 1026 744 1076 venit
757 1026 843 1094 imago

243 1097 386 1166 Conjugis3
404 1114 450 1148 ora
461 1096 544 1146 modis
556 1095 680 1147 attollens
692 1095 792 1163 pallida
803 1096 883 1164 miris,

243 1166 367 1219 Crudeles
379 1183 438 1218 aras
451 1169 611 1233 trejectaque
625 1177 730 1232 pectora
742 1165 809 1217 ferro

242 1236 267 1287 N
269 1236 371 1302 udavit,
383 1252 533 1302 caecumque
546 1235 638 1286 domus
650 1234 734 1285 scelus
747 1251 822 1286 omne
835 1236 938 1287 retexit.

242 1305 310 1357 Tum
323 1305 436 1357 celerare
448 1305 539 1372 fugam
553 1305 689 1372 patriaque
702 1304 826 1356 excedere
839 1305 939 1371 suadet,

242 1375 437 1443 Auxiliumque
449 1375 498 1425 viae
510 1382 609 1426 veteres
622 1373 717 1425 tellure
729 1373 842 1425 recludit

242 1443 397 1510 Thesauros,
410 1444 531 1510 ignotum
543 1442 645 1510 argenti
659 1443 761 1510 pondus
774 1451 800 1494 et
813 1443 878 1495 auri.

243 1512 294 1569 Ha
306 1519 437 1566 commota
449 1513 540 1580 fugam
552 1512 621 1564 Dido
633 1512 765 1581 sociosque
777 1513 894 1580 parabat.
1034 1517 1085 1567 360

244 1581 419 1649 Conveniunt,
433 1582 527 1649 quibus
539 1588 587 1634 aut
599 1581 688 1633 odium
701 1582 805 1633 crudele
817 1583 922 1650 tyranni

244 1651 300 1705 Aut
311 1658 399 1704 metus
411 1668 470 1703 aeer
481 1659 555 1715 erat,
573 1668 659 1717 naves,
672 1669 732 1719 quae
744 1654 811 1703 forte
823 1662 930 1720 paratae,

244 1721 403 1790 Corripiuut,
416 1727 577 1789 onerantque
589 1737 660 1773 auro.
697 1720 840 1773 Portantur
852 1723 924 1774 avari
961 1770 963 1775 .

245 1789 425 1859 Pygmalionis
437 1807 497 1859 opes
510 1790 602 1858 pelago
614 1809 620 1853 ;
639 1789 694 1841 dux
706 1791 805 1843 femina
817 1791 889 1844 iacti.

244 1858 380 1912 Devenere
392 1859 468 1925 locos,
480 1859 527 1911 ubi
539 1877 610 1911 nune
623 1860 742 1926 ingentia
755 1878 843 1912 eernes

245 1926 345 1982 Moenia
357 1935 559 1997 surgentemque
571 1945 644 1980 novae
657 1929 823 1997 Carthaginis
835 1947 928 1998 areem,

245 1997 409 2066 Mereatique
421 1997 513 2063 solum,
524 1998 589 2050 faeti
603 1998 634 2050 de
646 1999 751 2050 nomine
764 1999 881 2067 Byrsam,

244 2066 359 2120 Taurino
371 2074 500 2136 quantum
513 2074 618 2136 possent
629 2068 790 2121 circumdare
803 2077 883 2137 tergo.

245 2136 296 2190 Sed
308 2154 354 2190 vos
366 2136 412 2204 qui
424 2136 539 2201 taudem,
551 2136 646 2205 quibus
659 2144 707 2190 aut
719 2139 827 2190 venistis
839 2138 873 2190 ab
885 2139 943 2205 oris,

244 2200 335 2265 Quove
347 2203 443 2255 tenetis
454 2203 506 2257 iter
514 2203 541 2258 ²⁹¹
559 2205 692 2268 Quoerenti
705 2207 800 2259 talibus
813 2206 858 2258 ille
1029 2208 1078 2257 37l¹

243 2269 395 2340 Suspirans,
407 2271 511 2353 imoque
523 2274 629 2327 trahens
641 2292 657 2327 a
668 2285 771 2343 pectore
784 2291 890 2327 vocem:

282 2339 330 2394 “C
342 2340 399 2408 dea,
411 2358 434 2393 sr
464 2344 531 2395 rima
541 2351 661 2412 repetens
672 2344 705 2395 ab
718 2345 755 2396 ori
775 2345 817 2396 ine
829 2359 942 2411 pergam,

244 2412 280 2466 Et
291 2417 370 2465 vacet
381 2359 488 2464 annales
500 2417 646 2462 nostrorum
658 2410 749 2460 andire
756 2363 887 2471 laborum,

244 2481 315 2534 Ante
327 2481 398 2534 diem
410 2480 498 2533 elauso
510 2485 647 2548 componat
660 2478 758 2547 Vesper
770 2477 889 2544 Olympo,

244 2550 270 2604 N
270 2568 299 2604 os
311 2551 389 2620 Troja
400 2549 517 2617 antiqua,
530 2548 552 2600 si
564 2554 663 2600 vestras
675 2550 742 2599 ferte
755 2565 801 2615 per
813 2565 888 2598 aures

244 2620 329 2689 'l'rojae
341 2636 437 2673 nomeu
449 2619 488 2686 iit,
501 2619 603 2670 diversa
615 2634 661 2685 per
673 2634 776 2684 aequora
789 2625 875 2667 vectos

244 2688 325 2743 Forte
337 2706 385 2742 sua
397 2689 502 2757 Libyeis
514 2695 654 2757 tempestas
665 2685 774 2759 appulit
786 2686 846 2742 oris.

243 2759 309 2812 Sum
314 2758 380 2823 pina
388 2758 489 2823 AEneas,
501 2766 593 2827 raptos
606 2759 653 2830 qui
667 2778 705 2816 ex
718 2761 798 2818 hoste
810 2769 931 2835 penates

233 2824 318 2872 Q
329 2826 517 2892 mmmm,
532 2829 609 2886 fama
623 2850 711 2907 super
724 2838 838 2894 aethera
852 2847 953 2893 notus.

903 2868 1151 3054 suhi*
