2700 3242
273 308 325 358 222
508 305 537 358 P.
551 305 706 359 VIRGILII
724 304 887 360 MARONIS

274 405 339 458 Haec
351 410 409 459 tum
421 407 529 460 nomina
541 413 627 475 erunt,
635 425 708 459 nuno
720 413 784 460 sunt
796 407 852 460 sine
863 407 971 460 nomine
982 410 1035 461 1111

274 476 345 538 Quin
358 483 384 528 et
397 493 445 528 avo
458 478 580 529 comitem
593 494 647 528 sese
660 477 808 529 Mavortius
820 477 901 529 addet

273 543 399 597 Romulus
410 564 417 610 ;
435 545 556 598 Assaraci
568 563 646 614 quem
658 546 794 611 sanguinis
807 546 859 598 Ilia
869 550 956 598 mater

273 613 383 668 Educet.
420 614 513 666 Viden’
526 620 558 666 ut
569 615 682 682 geminae
695 620 768 667 stant
779 615 877 667 vertice
890 615 987 683 1111111,

272 682 309 735 Et
320 689 396 752 pater
406 683 462 751 ipse
475 701 520 736 suo
533 683 656 752 supersim
665 685 723 750 jam
736 684 823 751 signat
834 684 952 738 honoret

272 751 315 805 En
326 753 415 820 hujus,
426 758 496 818 nate,
509 753 633 821 auspiciis
645 753 693 804 1111
704 753 806 820 inclyta
819 753 902 805 Roma

274 821 420 890 Imperium
432 822 515 888 terris,
528 822 628 874 animos
641 822 759 889 aequabit
771 822 891 890 Olympo,

273 890 307 944 Se
326 897 432 958 temque
444 907 498 942 una
511 891 561 942 sibi
572 908 648 942 muro
660 891 834 942 circumdabit
846 908 926 958 arces,

273 959 311 1012 Fe
324 961 330 973 '
361 959 435 1040 prole
447 959 550 1012 rhum:
568 960 654 1028 qualis
667 960 824 1027 Berecyntia
835 966 920 1011 mater

214 1047 216 1050 ·
273 1028 415 1081 Invehitur
427 1045 507 1080 curru
520 1028 649 1096 Phrygias
662 1029 760 1080 turrita
771 1046 818 1096 per
829 1029 914 1094 urbes,

272 1097 345 1150 Laeta
357 1098 435 1150 deum
447 1103 535 1165 partu,
548 1105 655 1150 centum
667 1097 805 1166 complexa
815 1102 931 1166 nepotes,

272 1167 368 1220 Omnes
381 1167 517 1233 coelicolas,
529 1184 618 1219 omnes
631 1184 725 1234 supera
736 1167 792 1218 alta
804 1173 931 1221 tenentes.

271 1235 334 1288 Huc
345 1236 463 1304 geminas
475 1253 547 1289 nunc
559 1236 635 1289 flecte
647 1236 734 1300 acies;
752 1236 821 1287 hanc
833 1236 920 1303 aspice
932 1241 1035 1304 gentem

271 1304 453 1374 Romanosque
465 1311 532 1358 tuos.
568 1305 621 1357 Hie
634 1305 727 1371 Oaesar,
739 1310 766 1356 et
778 1305 862 1356 omnis
875 1305 930 1357 Iuli

270 1373 419 1442 Progenies,
430 1392 558 1442 magnum
570 1374 629 1427 coeli
641 1381 755 1426 ventura
767 1374 816 1426 sub
827 1391 911 1426 axem.

270 1443 324 1496 Hie
336 1444 384 1511 vir,
396 1444 440 1496 hic
452 1450 500 1511 est,
512 1444 562 1496 tibi
575 1461 653 1512 quem
665 1443 784 1512 promitti
797 1444 891 1511 saepius
903 1444 989 1511 audis,

270 1512 408 1581 Augustus
421 1513 514 1580 011111,
526 1513 590 1565 Diri
601 1530 700 1579 genus:
719 1530 800 1566 aurea
812 1513 906 1564 condet

270 1581 373 1634 Saecula
385 1582 431 1650 qui
442 1599 533 1634 rursus
545 1582 628 1648 Latio,
641 1588 752 1649 regnata
763 1600 811 1649 per
822 1599 886 1634 arva

270 1650 384 1703 Saturno
396 1651 546 1719 quondam
565 1669 643 1719 super
656 1658 683 1703 et
696 1652 867 1704 Garamantas
879 1656 907 1703 et
919 1650 1001 1705 Indos

269 1718 388 1772 Proferet
399 1720 555 1788 imperium:
570 1722 643 1787 jacet
656 1727 732 1772 extra
744 1720 829 1771 sidera
841 1720 929 1787 tellus,

269 1788 354 1842 Extra
366 1790 429 1841 anni
442 1789 560 1858 Solisque
572 1791 636 1857 1111,
648 1789 695 1842 ubi
708 1791 807 1841 ooelifer
819 1789 894 1841 Atlas

269 1858 354 1910 Axem
367 1859 475 1911 humero
488 1864 593 1927 torquet
606 1860 688 1912 stellis
702 1859 855 1911 ardentibus
868 1864 970 1927 aptum.

269 1927 359 1996 Hujus
371 1929 399 1979 in
411 1928 556 1981 adrentum
564 1930 621 1996 jam
633 1946 705 1980 nunc
717 1934 744 1980 et
757 1929 850 1996 Caspia
861 1946 944 1996 regna

269 1995 409 2066 Responsis
421 1998 528 2050 horrent
540 1997 639 2063 divim,
653 2004 680 2050 et
693 1998 800 2050 Maeotia
812 1997 899 2062 tellus,

268 2062 304 2118 Et
317 2067 517 2135 septemgemini
529 2067 639 2119 turbant
652 2067 756 2135 trepida
768 2067 835 2118 ostia
847 2066 910 2119 Nili.

267 2134 294 2188 N
295 2154 324 2189 ec
336 2154 396 2189 vero
409 2137 514 2189 Alcides
526 2142 632 2188 tantum
645 2137 747 2188 telluris
760 2136 843 2188 obivit
854 2154 861 2199 ;

267 2203 290 2259 F
291 2206 371 2258 ixerit
384 2206 523 2274 aeripedem
535 2223 639 2258 cervam
651 2205 722 2271 11111,
734 2211 782 2257 aut
794 2204 954 2271 Erymanthi

267 2272 374 2327 Pacarit
385 2292 498 2342 nemora,
511 2280 538 2326 et
550 2274 661 2326 Lernam
675 2275 850 2327 tremefecerit
862 2291 944 2327 arcu:

266 2342 294 2398 N
294 2362 323 2396 ec
335 2345 382 2413 qui
394 2344 539 2413 pampineis
552 2345 635 2396 victor
643 2346 711 2412 juga
722 2344 805 2396 flectit
817 2343 927 2396 habenis

267 2412 352 2480 hiber,
365 2431 445 2481 agens
458 2414 524 2466 celso
537 2413 563 2465 N
563 2431 616 2481 ysae
630 2414 662 2464 de
674 2414 773 2465 vertice
785 2414 874 2480 tigres.

267 2481 303 2536 Et
316 2483 467 2535 dubitamus
480 2483 567 2535 adhuc
579 2484 707 2536 virtutem
719 2483 861 2534 extendere
873 2482 972 2536 factisi

266 2551 323 2604 Aut
334 2558 421 2604 metus
433 2552 550 2604 Ausonia
561 2552 683 2620 prohibet
695 2552 834 2604 consistere
847 2558 917 2604 terra
927 2551 938 2604 1

268 2621 332 2683 Quis
344 2621 435 2689 procul
447 2623 492 2674 1111
504 2628 594 2674 autem
606 2622 686 2673 ramis
698 2622 809 2689 insignis
821 2621 897 2673 olivae

263 2689 346 2743 Sacra
357 2691 443 2743 ferens
455 2690 464 2743 1
482 2691 566 2744 Nosco
579 2691 663 2743 crines
675 2691 823 2758 incanaque
834 2696 926 2743 menta

250 2759 338 2830 Regis
350 2761 475 2835 Romani,
488 2761 593 2837 primus
606 2761 653 2834 qui
662 2760 767 2831 iegibus
776 2759 869 2812 urbem

236 2829 394 2907 Fundabit,
412 2837 535 2894 Curibus
547 2836 643 2912 parvis
654 2841 684 2892 et
695 2847 816 2905 paupere
824 2835 898 2882 tam
