2700 3242
280 316 333 368 274
515 309 545 365 P.
563 307 718 363 VIRGILII
735 306 898 360 morus

280 412 374 481 Siqua
386 411 503 479 Phryges
515 427 569 479 prae
581 428 608 462 se
617 405 730 478 jactant,
742 427 865 478 responsa
877 409 993 462 deorum.

282 483 329 534 Sat
340 481 403 534 fatis
417 481 564 548 Venerique
576 480 676 544 datum,
689 480 800 546 tetigero
812 479 882 546 quod
893 496 957 531 arva

282 551 388 603 Fertilis
398 549 519 602 Ausoniae
532 548 618 601 bross
654 548 724 600 Sunt
735 554 763 600 et
774 565 834 600 mea
845 555 938 600 contra

282 620 350 672 Fata
361 619 435 685 mihi,
447 619 515 671 ferro
528 617 681 670 sceleratam
693 617 844 669 exscindere
856 623 971 684 gentem,

283 689 400 757 Oonjuge
412 694 560 756 praerepta;
577 704 626 738 nec
639 686 705 738 solos
718 687 805 752 tangit
817 686 925 738 Atridas

282 756 338 810 Iste
350 758 430 823 dolor,
443 757 555 824 solisque
566 755 630 807 licet
642 772 735 823 capere
747 772 820 807 arma
832 755 959 822 Mycenis.

282 828 333 880 Sed
346 827 452 894 periisse
465 825 544 877 semel
557 825 620 876 satis
632 831 679 876 est.
716 825 827 876 Peccare
838 824 932 876 fuisset
1081 825 1130 875 140

282 897 354 948 Ante
366 896 436 961 satis,
449 895 555 963 penitus
566 894 643 945 modo
655 911 708 945 non
721 910 804 960 genus
816 910 892 945 omne
903 909 1009 962 perosos
1024 944 1027 950 ,

283 965 445 1017 Femineum
482 963 582 1026 Quibus
595 963 651 1014 haec
663 963 744 1014 medii
755 962 853 1014 fiducia
865 963 937 1029 valli,

285 1033 475 1099 Fossatumque
486 1049 572 1099 moras,
585 1032 632 1084 leti
644 1031 796 1083 discrimina
808 1049 897 1099 parva,

283 1102 357 1156 Dant
368 1103 476 1155 animos.
512 1101 549 1152 At
560 1118 614 1153 non
626 1101 751 1153 viderunt
762 1102 860 1152 moenia
871 1101 955 1153 Tro‘ae

284 1171 404 1239 Neptuni
414 1170 544 1222 fabricata
555 1187 637 1222 manu
649 1170 783 1222 considere
794 1169 823 1221 in
836 1119 930 1237 igneslJ

285 1240 335 1293 Sed
348 1257 400 1306 ros,
413 1256 428 1291 ο
440 1239 509 1304 lecti,
521 1241 589 1291 ferro
602 1239 648 1306 qui
661 1239 778 1291 scindere
790 1239 891 1290 vallum

285 1309 412 1378 Apparet,
424 1315 452 1361 et
463 1325 567 1360 mecum
579 1308 683 1360 invadit
695 1309 856 1375 trepidantia
868 1307 973 1360 castral

285 1378 345 1431 Non
356 1378 436 1430 armis
447 1377 514 1429 mihi
527 1377 647 1440 Vulcani,
660 1394 714 1429 non
725 1377 798 1429 mille
811 1377 906 1429 carinis

285 1447 334 1500 Est
346 1462 411 1515 opus
422 1447 451 1498 in
464 1447 582 1498 Teucros.
619 1446 728 1498 Addunt
740 1463 767 1498 se
779 1454 904 1514 protenus
916 1463 1006 1498 omnes

286 1516 390 1570 Etrusci
403 1516 490 1568 socios.
527 1515 655 1568 Tenebras
668 1522 695 1567 et
707 1516 803 1567 inertia
814 1516 888 1568 furta
1083 1516 1131 1566 150

285 1584 419 1707 llassadfi'
431 1585 504 1636 cessis
517 1601 626 1637 summae
639 1584 791 1636 custodibus
803 1583 890 1652 arcis]

313 1673 326 1706 e
339 1655 465 1716 timeant3
484 1671 532 1705 nec
544 1654 605 1722 equi
618 1669 688 1705 caeca
700 1654 841 1705 condemur
853 1655 881 1705 in
893 1654 953 1706 alvo
966 1673 973 1718 ;

286 1723 357 1776 Luce
369 1723 457 1790 palam
470 1730 572 1774 certum
584 1728 623 1774 est
636 1723 692 1790 igni
705 1722 867 1774 circumdare
879 1740 975 1775 muros.

287 1792 368 1844 Haud
381 1792 430 1844 sibi
443 1809 504 1843 cum
515 1791 615 1845 Danais
628 1809 683 1843 rem
696 1793 757 1843 faxo
770 1797 796 1843 et
809 1791 878 1859 pube
891 1793 1004 1858 Pelasga

286 1860 349 1913 Esse
362 1867 464 1928 putent,
477 1861 608 1912 decimum
621 1879 685 1928 quos
698 1861 802 1913 distulit
815 1861 914 1913 llector
926 1862 955 1912 in
968 1877 1078 1914 annum.

286 1929 365 1982 Nunc
377 1931 449 1995 adeo,
461 1930 552 1982 melior
564 1932 689 1998 quoniam
701 1948 760 1997 pars
773 1938 833 1982 acta
845 1930 904 1996 diei,

287 1999 362 2062 Quod
375 2006 500 2067 superest,
513 1999 567 2050 laeti
580 1999 645 2052 bene
657 2001 737 2067 gestis
750 2016 858 2067 corpora
869 1999 946 2051 rebus

287 2067 435 2133 Procurate‚
449 2069 506 2133 viri,
520 2075 546 2120 et
559 2086 677 2136 pugnam
690 2076 792 2136 sperate
804 2068 910 2136 parati?

287 2137 392 2189 Interea
404 2137 517 2204 vigilum
530 2138 647 2189 excubiis
660 2138 776 2189 obsidere
789 2145 877 2205 portas

287 2206 355 2258 Cura
368 2207 447 2258 datur
459 2207 586 2274 Messap0‚
599 2213 626 2258 et
638 2208 735 2258 moenia
747 2207 851 2274 cingere
863 2207 984 2260 flammis.
1086 2207 1133 2258 160

286 2275 333 2328 Bis
345 2281 452 2342 septem,
467 2275 566 2328 Rutulo
578 2293 666 2328 muros
680 2277 725 2342 qui
737 2276 823 2327 milite
835 2283 946 2341 servent,

286 2344 407 2408 Delecti;
425 2351 466 2396 ast
478 2345 536 2396 illos
549 2346 653 2396 centeni
666 2362 796 2413 quemque
809 2352 956 2412 sequuntur

287 2413 416 2481 Purpurei
431 2415 515 2466 cristis
524 2415 635 2482 juvenes
648 2432 764 2481 auroque
777 2415 883 2467 corusci.

287 2482 453 2548 Discurrunt,
466 2484 622 2549 variantque
635 2485 712 2546 vices,
725 2484 829 2551 fusique
843 2501 888 2551 per
900 2482 1010 2536 herbam

287 2550 433 2618 Indulgent
446 2552 513 2618 vino,
527 2560 553 2603 et
566 2559 674 2603 vertunt
687 2559 801 2604 crateras
813 2553 917 2605 ahenos.

287 2621 424 2672 Collucent
436 2622 526 2687 ignes:
544 2628 648 2673 noctem
661 2623 780 2674 custodia
792 2622 867 2674 ducit

281 2689 434 2743 insomnem
449 2691 519 2745 ludo.

309 2763 381 2818 llaec
394 2783 477 2838 super
491 2783 505 2820 e
517 2762 590 2821 vallo
602 2766 772 2836 prospectant
779 2760 871 2825 'licta
879 2766 907 2812 et
918 2762 999 2813 armis

257 2833 332 2895 Alta
347 2843 449 2897 tenent
462 2860 471 2907 ς
492 2858 544 2898 nec
557 2855 615 2895 non
627 2833 733 2906 trepidi
740 2829 883 2884 iorniidme
890 2835 982 2894 portas
