2700 3242
454 445 488 502 P.
509 440 712 501 VIRGlLll
740 438 905 495 MARON
911 436 952 492 IS

367 603 1038 704 GFORGIGON

520 799 663 853 LIBER
692 798 878 852 PRIMUS.

466 967 511 1016 AD
525 968 551 1016 0.
559 967 699 1017 CILNIUM
714 967 931 1041 MAECENATEFI.

632 1101 763 1119 ΙΜΜΜΜΜ

313 1197 387 1262 Qun>
400 1199 481 1252 faciat
493 1199 567 1253 latas
580 1203 686 1268 segetes,
700 1217 751 1267 quo
763 1199 846 1251 sidere
858 1204 955 1252 temam

277 1264 392 1333 Vertere,
406 1269 544 1336 Maecenas,
555 1270 687 1338 ulmisque
699 1269 843 1336 adjungere
855 1270 922 1321 vites

278 1335 437 1391 Conveniat:
454 1355 513 1406 quae
526 1357 589 1392 cura
600 1339 687 1405 boum,
700 1339 745 1407 qui
758 1339 845 1391 cultus
858 1337 977 1390 habendo

276 1404 318 1458 Sit
329 1407 416 1474 pecori
427 1427 433 1471 ;
451 1409 544 1476 apibus
557 1414 656 1476 quanta
669 1408 831 1475 experientia
843 1406 928 1475 parcis
939 1426 945 1469 3

277 1473 348 1527 Hinc
361 1493 453 1528 canere
464 1477 595 1545 incrp1am.
627 1477 686 1542 Vos,
699 1494 714 1527 ο
726 1477 869 1528 clarissima
880 1477 973 1528 mundi

276 1541 396 1611 Lumina,
408 1544 540 1596 labentem
552 1546 615 1597 coelo
629 1561 688 1611 quae
701 1545 797 1596 ducitis
809 1562 916 1611 annum,

276 1611 353 1664 Liber
365 1619 392 1665 et
403 1613 473 1665 alma
485 1614 567 1679 Ceres,
580 1620 664 1666 vestro
678 1613 699 1665 si
710 1631 820 1665 munere
832 1612 911 1665 tellus

276 1680 420 1734 Chaoniam
431 1682 524 1750 pingui
536 1683 659 1750 glandem
670 1683 786 1734 mutavit
797 1683 884 1748 arista,

276 1748 426 1819 Poculaque
438 1751 552 1804 inventis
563 1751 691 1804 Acheloia
701 1752 808 1803 miscuit
819 1753 877 1804 uvis
888 1771 895 1815 3

274 1816 311 1870 Et
323 1837 376 1887 vos,
389 1827 522 1888 agrestum
534 1822 674 1889 praesentia
686 1821 803 1886 numina,
816 1821 909 1888 Fauni,
1085 1825 1118 1874 10

275 1887 353 1941 Ferte
365 1890 443 1941 simul
455 1889 592 1958 Faunique
604 1891 698 1959 pedem
710 1890 878 1958 Dryadesque
891 1890 1002 1958 puellae:

274 1955 388 2012 Munera
399 1964 485 2011 vestra
497 1976 577 2013 cano:
596 1966 679 2028 tuque
691 1977 712 2025 0,
726 1959 769 2010 cui
780 1960 865 2028 prima
876 1961 1032 2012 frementem

275 2024 357 2079 Fudit
370 2045 466 2096 equum
478 2045 573 2096 magno
585 2029 664 2081 tellus
676 2046 798 2097 percussa
810 2029 927 2095 tridenti,

274 2093 414 2164 Neptune:
433 2103 460 2149 et
473 2098 558 2149 cultor
569 2115 712 2163 nemorum,
726 2098 769 2149 cui
781 2098 891 2165 pinguia
904 2099 961 2150 Ceae

274 2163 324 2217 'Fer
336 2172 443 2218 centum
454 2166 524 2218 nivei
537 2167 647 2218 tondent
659 2167 767 2218 dumeta
775 2167 897 2234 juvenci:

275 2231 335 2302 Ipse
346 2253 438 2288 nemus
450 2234 572 2303 linquens
584 2237 702 2304 patrium
715 2236 849 2303 saltusque
862 2237 957 2306 Lycaei,

237 2304 239 2312 ’
273 2300 338 2369 Pan,
351 2305 440 2357 ovium
452 2311 545 2372 custos,
558 2311 606 2358 tua
618 2307 639 2357 si
651 2305 701 2358 tibi
713 2305 828 2358 Maenala
840 2323 917 2374 curoe,

273 2371 358 2440 Adsis,
371 2391 385 2424 ο
398 2375 513 2442 Fegeaee,
525 2376 634 2439 favens3
653 2375 769 2442 oleaeque
781 2376 901 2428 Minerva

274 2439 413 2494 Inventrix
423 2462 430 2506 3
448 2444 563 2511 uncique
575 2462 641 2512 puer
652 2450 811 2496 monstrator
822 2446 903 2497 aratri
914 2463 921 2508 ς

273 2508 308 2562 Et
321 2516 437 2563 teneram
450 2512 483 2564 ab
494 2514 581 2565 radice
593 2515 687 2579 ferenS,
700 2514 811 2579 Silvam,
825 2531 993 2582 cupressum:
1082 2517 1116 2565 20

273 2577 358 2646 Dique
371 2580 478 2648 deaeque
489 2599 585 2650 omnes,
598 2584 717 2634 studium
729 2583 824 2649 quibus
836 2601 899 2635 arva
911 2584 987 2650 tueri,

270 2648 376 2720 Quique
386 2667 467 2701 novas
480 2651 550 2703 alitis
562 2669 614 2702 non
627 2652 681 2703 ullo
694 2653 791 2702 semiue
803 2653 899 2718 fruges,

251 2709 361 2778 eamque
370 2719 440 2768 satis
449 2719 560 2788 largum
575 2721 641 2777 coelo
654 2721 797 2776 demittitis
808 2722 934 2774 imbrem:

275 2791 331 2840 que
340 2783 418 2851 &dea
434 2804 519 2857 quem
532 2811 601 2849 mox
615 2813 679 2870 quae
692 2795 752 2852 sint
762 2793 895 2852 habitura.
906 2791 1016 2846 dearum
