2700 3242
499 319 682 372 BUCOLICA.
717 317 790 370 Ebu.
809 316 861 371 ΙΙΙ.
1093 324 1108 373 5

260 414 338 481 Ecce,
350 414 440 466 fenmt
453 415 584 482 Nymphae
596 413 708 466 calathis
718 433 726 477 3
745 413 794 465 tibi
806 411 918 465 candida
930 411 1005 478 Nais,

261 483 396 536 Pallentes
410 484 492 536 violas
505 490 531 535 et
543 500 645 535 summa
658 499 788 550 papavera
800 499 916 550 carpens,

260 553 414 604 Narcissum
426 558 453 605 et
465 552 555 604 florem
563 552 655 618 jungit
668 552 840 604 beneolentis
852 550 943 602 anethi
954 569 961 613 ;

260 621 338 686 Turn,
350 621 420 673 casia
432 627 512 689 atque
522 621 579 673 aliis
592 621 714 673 intexens
726 620 850 672 suavibus
862 619 957 686 herbis,

260 690 355 742 Mollia
367 691 466 742 luteola
480 690 566 758 pingit
578 690 697 742 vaccinia
709 691 805 742 caltha.
1075 690 1107 739 5(

261 760 323 828 Ipse
335 777 383 827 ego
396 777 463 811 cana
475 759 562 826 legam
574 765 663 811 tenera
678 759 802 826 lanugine
814 758 892 824 mala,

262 830 455 896 Oastaneasque
467 846 555 894 nuces,
564 847 623 881 mea
636 847 701 897 quas
713 829 854 896 Amaryllis
867 828 980 880 amabat.

260 898 367 949 Addam
379 914 454 949 cerea
465 915 568 966 pruna;
585 899 667 950 honos
680 899 730 949 erit
743 898 805 949 huic
818 915 921 966 quoque
934 913 1028 966 pomo;

261 966 298 1018 Et
311 985 362 1032 vos,
375 984 390 1018 o
403 967 479 1034 lauri,
492 984 605 1034 carpam,
618 974 691 1033 otte,
705 968 825 1035 proxima
837 978 941 1035 myrte;

261 1035 306 1088 Sic
319 1036 410 1103 positae
422 1037 547 1104 quoniam
560 1054 653 1088 suaves
665 1037 781 1088 miscetis
793 1037 889 1088 odores.

263 1105 389 1158 Rusticus
402 1123 436 1172 es,
450 1106 576 1173 Corydon,
589 1123 637 1157 nec
649 1123 759 1158 munera
771 1114 847 1158 curat
859 1105 951 1158 Alexis
962 1123 969 1169 ;

246 1174 326 1241 'Nec,
339 1175 361 1226 si
372 1175 526 1227 muneribus
539 1181 628 1242 certer,
641 1177 767 1227 concedat
780 1176 855 1228 Iolas.

262 1243 333 1309 Heu,
345 1244 405 1310 heu,
418 1244 483 1311 quid
495 1244 567 1296 volui
578 1245 672 1296 misero
684 1244 771 1296 mihil
790 1244 895 1296 floribus
908 1244 1037 1296 Austrum

262 1312 386 1364 Perditus
398 1319 425 1364 et
437 1313 545 1381 liquidis
558 1314 655 1365 immisi
666 1313 785 1365 fontibus
797 1331 880 1380 apros.

263 1381 348 1444 Quem
360 1382 438 1448 fugis,
450 1383 485 1434 ah
498 1383 623 1435 demensi
641 1382 799 1435 habitarunt
811 1383 838 1433 di
850 1399 953 1450 quoque
966 1381 1051 1448 silvas,
1077 1383 1111 1434 60

262 1450 464 1520 Dardaniusque
477 1451 557 1505 Paris.
588 1452 684 1517 Pallas,
697 1469 762 1519 quas
775 1452 899 1516 condidit,
912 1468 984 1503 arces

263 1520 326 1588 Ipsa
338 1520 420 1573 colat:
433 1519 506 1573 nobis
519 1522 641 1589 placeant
653 1528 716 1574 ante
728 1522 816 1573 omnia
828 1521 907 1574 silvae.

262 1589 348 1642 'llorva
360 1590 443 1641 leaena
454 1589 549 1658 lupum
561 1591 688 1658 sequitur,
701 1591 780 1659 lupus
793 1592 848 1659 ipse
860 1590 1008 1659 capellam3

263 1657 413 1711 Florentem
426 1660 539 1726 cytisum
552 1660 671 1727 sequitur
684 1660 782 1712 lasciva
795 1661 910 1728 capella3

262 1726 299 1779 Te
312 1727 438 1795 Corydon,
451 1745 466 1781 0
477 1729 556 1781 Alexi
567 1748 573 1792 ;
593 1729 675 1781 trahit
688 1747 735 1782 sua
747 1746 876 1798 quemque
889 1729 1017 1799 voluptas.

261 1796 366 1864 Aspice,
378 1804 465 1850 aratra
473 1800 540 1866 jugo
552 1798 670 1851 referunt
683 1816 808 1867 suspensa
816 1800 932 1867 juvenci,

261 1865 299 1917 Et
311 1865 350 1917 sol
362 1874 504 1919 crescentes
516 1868 642 1920 decedens
655 1869 774 1936 duplicat
786 1868 908 1921 umbras:

261 1934 308 1988 Me
320 1941 410 1987 tamen
422 1937 476 1989 urit
489 1955 578 2001 amor;
598 1938 656 2005 quis
669 1939 740 1989 enim
752 1939 845 1990 modus
858 1938 927 1990 adsit
939 1937 1041 1989 amorii

261 2004 306 2055 Ah
319 2004 446 2072 Corydon,
460 2006 587 2073 Corydon,
600 2024 658 2074 quse
672 2013 699 2059 tc
711 2007 845 2060 dementia
857 2008 943 2076 cepit!

262 2072 430 2141 Semiputata
442 2073 492 2128 tibi
504 2076 626 2128 frondosa
639 2077 701 2128 vitis
713 2077 742 2127 in
755 2077 826 2129 ulmo
839 2084 885 2129 est.
1077 2074 1111 2126 70

262 2142 335 2205 Quin
347 2149 377 2196 tu
390 2144 491 2212 aliquid
504 2145 598 2197 saltem
610 2146 707 2215 potius,
719 2163 832 2214 quorum
844 2146 946 2214 indiget
959 2161 1030 2210 usus,

262 2211 414 2265 Viminibus
426 2214 550 2283 mollique
563 2233 639 2283 paras
652 2215 774 2267 detexere
783 2218 873 2282 junco.

261 2281 386 2335 Invenies
397 2282 487 2351 alium,
501 2285 522 2335 si
535 2289 561 2336 te
573 2285 617 2336 hie
629 2285 741 2351 fastidit,
754 2281 876 2337 Alexin''

472 2379 608 2432 ECLOGA
627 2380 679 2433 III.
716 2378 907 2432 PALAEMON.

430 2491 583 2528 Munnncns.
619 2490 763 2527 Dnnroerns.
801 2488 947 2525 Pitanen.

286 2562 362 2615 Mun
381 2562 434 2614 Dre
446 2563 521 2630 mihi,
533 2564 663 2629 Damoeta,
677 2565 768 2631 cujum
780 2581 859 2632 pecus
870 2563 879 2614 l
898 2580 933 2614 an
946 2560 1082 2613 Meliboei?

285 2633 361 2684 Dru.
379 2633 405 2683 N
406 2649 446 2698 on,
457 2650 549 2685 verum
558 2634 668 2699 AEgonis
680 2652 686 2695 ;
705 2651 790 2701 nuper
800 2633 867 2684 mihi
879 2630 990 2687 tradidit
1000 2632 1096 2696 AEgon.

286 2701 362 2753 Mun
381 2700 480 2754 Infelix
493 2719 508 2754 0
520 2719 627 2772 semper,
641 2720 709 2770 oves,
722 2705 821 2776 pccusl
839 2703 898 2777 ipse
907 2702 1036 2756 lleaerum

258 2770 331 2846 Itum
340 2770 418 2848 ξονού,
431 2788 469 2836 ae,
482 2789 518 2825 ne
529 2792 573 2828 me
585 2775 636 2831 sibi
650 2778 781 2852 praeferat
794 2779 854 2853 illa,
864 2783 992 2847 veretum

243 2835 301 2883 Ir‘rc
309 2835 414 2890 ebenus
425 2857 487 2895 oves
500 2851 595 2906 custos
609 2850 651 2913 bis
666 2857 781 2935 mulget
793 2859 830 2918 ln
838 2859 932 2924 uorax
