2700 3242
409 441 442 497 P.
457 433 663 497 VIRGILII
698 429 862 488 MARON
869 429 910 485 IS

342 620 979 738 assinos

462 863 588 917 LIBER
610 856 862 917 UNDEGIMUS.

594 1027 726 1046 mm

244 1126 381 1181 Omnes(
393 1126 495 1179 interea
506 1143 614 1194 surgens
626 1126 728 1178 Aurora
738 1125 853 1194 reliquit

243 1195 349 1261 AEneas,
361 1212 521 1264 quamquam
532 1204 559 1248 et
571 1195 647 1248 sociis
659 1195 721 1247 dare
733 1201 838 1263 tempus
849 1192 991 1246 humandis

244 1264 328 1317 Praeci
347 1265 417 1317 itant
429 1282 505 1331 curse,
518 1262 678 1332 turbataque
688 1265 781 1316 funere
792 1280 866 1316 mens
878 1270 927 1332 est,

245 1333 316 1386 Vota
327 1282 407 1386 deum
418 1334 502 1402 primo
513 1333 597 1385 victor
608 1332 724 1386 solvebat
736 1333 797 1387 Eoo.

245 1403 386 1470 lugentem
398 1419 524 1470 quercum
535 1402 628 1454 decisis
639 1402 757 1469 undique
768 1401 849 1454 ramis

246 1471 390 1525 Constituit
402 1471 512 1538 tumulo,
524 1471 706 1539 fulgentiaque
717 1470 806 1522 induit
818 1487 898 1538 mma,

245 1540 362 1593 Mezenti
374 1539 449 1592 ducis
460 1539 569 1592 exuvias
581 1558 588 1603 ;
606 1540 662 1606 tibi,
674 1557 778 1606 magne,
790 1545 926 1620 tropaeum,

246 1609 424 1678 Bellipotens:
443 1614 519 1677 aptat
531 1616 648 1661 rorantes
660 1609 789 1675 sauguine
801 1614 900 1675 cristas,

246 1678 361 1746 Telaque
373 1683 467 1729 trunca
479 1677 536 1745 viri,
549 1683 576 1729 et
587 1677 627 1730 bis
639 1695 686 1730 sex
697 1677 805 1730 thoraca
816 1678 930 1745 petitum

247 1746 448 1815 Perfossumque
459 1746 541 1800 locis:
559 1747 725 1815 clipeumque
736 1764 769 1798 ex
782 1763 832 1798 oere
844 1748 955 1800 sinistra
1056 1751 1089 1800 10

247 1816 378 1884 Subligat,
390 1820 469 1884 atque
481 1832 569 1868 ensem
581 1815 647 1867 collo
659 1815 796 1884 suspendit
807 1815 944 1870 eburnum.

247 1885 316 1938 Tum
328 1885 416 1952 socios,
428 1901 542 1953 namque
554 1885 638 1952 omnis
650 1902 712 1937 eum
723 1885 822 1952 stipata
832 1885 939 1953 tegebat

247 1953 337 2007 Turba
349 1953 455 2021 ducum,
468 1953 505 2005 sic
516 1953 645 2021 incipiens
656 1953 779 2006 hortatur
790 1961 898 2006 ovantes
909 1972 916 2008 ε

249 2022 395 2074 “Maxima
406 2039 446 2073 res
458 2023 557 2090 edecta,
571 2024 620 2075 viri
630 2042 637 2086 ;
655 2023 736 2075 timor
747 2023 831 2074 omnis
843 2022 940 2088 abesto,

248 2089 325 2154 Quod
337 2094 454 2157 superest
464 2107 471 2152 ;
489 2088 546 2142 hoec
558 2092 621 2141 sunt
632 2088 723 2156 spolia,
735 2092 763 2140 et
775 2088 808 2140 dc
818 2104 880 2155 rege
892 2086 1002 2154 superbo

247 2158 393 2221 Primitiae;
410 2156 583 2226 manibusque
594 2157 659 2209 meis
670 2155 819 2209 Mezentius
830 2156 874 2208 hic
886 2160 933 2208 est.

247 2228 274 2282 N
276 2245 327 2280 unc
338 2227 389 2279 iter
400 2228 435 2279 ad
446 2244 535 2294 regem
546 2225 621 2279 nobis
632 2243 773 2293 murosque
784 2225 899 2278 Latinos.

247 2298 330 2349 Arma
342 2302 433 2365 parate
445 2296 548 2362 animis,
560 2300 587 2348 et
599 2312 644 2376 spe
655 2294 806 2364 presumite
818 2293 924 2360 bellum,

248 2366 275 2420 N
276 2383 290 2418 e
302 2383 355 2434 qua
366 2382 438 2418 more
449 2366 561 2433 ignaros,
573 2364 619 2416 ub1
630 2365 747 2432 primum
758 2363 853 2416 uellere
866 2362 941 2430 signa

248 2434 400 2488 Annuerint
412 2434 499 2502 superi
511 2433 659 2502 pubemque
670 2433 780 2485 educere
791 2431 891 2499 castris,
1056 2434 1090 2484 20

249 2503 392 2572 Impediat,
404 2503 522 2572 segnisve
533 2508 608 2554 metu
619 2502 751 2555 sententia
762 2501 857 2554 tardet.

250 2574 356 2626 Interea
367 2573 447 2625 socios
459 2572 648 2640 inhumataque
660 2588 767 2640 corpora
778 2577 854 2622 terrae

249 2641 407 2695 Mandemus
419 2659 425 2695 :
443 2642 489 2710 qui
501 2641 571 2693 solus
582 2640 663 2693 honos
674 2641 823 2693 Acheronte
835 2637 883 2690 sub
894 2638 948 2691 imo
960 2643 1012 2692 est.

251 2716 317 2781 Ite,'’
330 2716 386 2778 ait3
404 2716 543 2784 “egregias
555 2716 665 2786 animes,
679 2735 739 2788 quae
752 2715 888 2788 sangiune
897 2714 983 2769 nobis

244 2785 325 2833 Hanc
334 2784 450 2848 paenam
461 2802 589 2854 peperere
604 2807 661 2861 suo,
676 2791 808 2847 decorate
820 2787 963 2861 supremis
