2700 3242
254 299 305 350 344
513 298 680 352 AEuumos
698 299 764 353 LIB.
777 297 824 352 XI.

253 402 357 454 Arietat
368 401 397 454 in
409 405 498 470 portas
510 407 537 454 et
549 403 627 454 duros
640 402 723 469 objice
736 407 829 470 postea.

252 470 267 522 I
286 487 320 522 sae
333 471 366 523 de
377 472 459 523 muris
471 489 572 524 summo
584 472 728 523 certamine
738 476 872 523 matres-

283 546 384 592 anstrat
396 557 469 593 amor
480 557 556 593 verus
568 541 728 608 patriae-ut
741 541 829 592 videre
842 538 991 607 Camillam,

251 608 315 662 Tela
326 627 408 661 manu
420 609 529 677 trepidae
538 610 658 678 jaciunt3
676 626 708 662 ae
719 609 809 662 robore
820 610 886 661 duro

251 676 393 747 stipitibus
404 679 504 731 ferrum
516 677 678 746 sudibusque
690 679 831 730 imitantur
843 678 944 731 obustis

251 745 410 815 Pracipites,
423 748 567 816 primaque
578 749 645 799 mori
657 765 704 816 pro
716 749 846 800 moenibus
858 748 961 801 ardent.

207 847 219 863 e
286 816 392 869 Interea
401 816 519 868 Turnum
531 817 560 868 in
572 817 645 869 silvis
657 817 815 869 saevissimus
826 817 920 886 implet

249 883 277 938 N
277 886 378 952 uncins,
391 891 418 938 et
426 887 521 953 juveni
532 886 667 952 ingentem
680 886 733 938 fert
744 886 815 938 Acca
826 887 991 941 tumultum:

249 953 356 1008 Deletae
369 955 522 1008 Volscorum
533 955 609 1022 acies,
622 955 745 1007 cecidisse
758 955 903 1023 Camillam

250 1023 377 1092 Ingruere
388 1024 503 1075 infensos
515 1024 610 1091 hostes,
623 1030 650 1077 et
662 1024 750 1076 Marte
762 1025 876 1076 seeundo

250 1092 345 1145 Omnia
357 1093 523 1161 corripuisse:
541 1099 643 1145 metum
651 1096 710 1162 jam
721 1093 755 1145 ad
768 1094 865 1146 moenia
876 1094 947 1148 ferri

249 1160 300 1214 Ille
311 1162 464 1215 furens-et
476 1179 545 1215 saeva
556 1162 576 1215 J
577 1163 632 1215 ovis
645 1164 683 1214 sie
694 1163 806 1215 numina
817 1170 967 1231 poscunt-

247 1230 353 1283 Deserit
364 1231 477 1283 obsessos
490 1231 576 1299 eolles,
588 1249 695 1284 nemora
707 1249 799 1300 aspera
811 1232 850 1284 lin
868 1233 917 1286 uit.

249 1297 303 1351 Vix
315 1316 330 1352 a
342 1305 483 1368 conspeetu
496 1301 603 1365 exierat,
617 1317 793 1369 campumque
806 1307 866 1354 tene
885 1307 921 1369 at,

249 1367 337 1431 Quum
349 1374 425 1437 pater
436 1369 539 1435 AEneas,
552 1370 635 1422 saltus
647 1370 779 1438 ingressus
791 1377 901 1440 apertos,

247 1436 449 1506 Exsuperatque
457 1440 562 1506 jugum,
575 1439 695 1506 silvaque
706 1439 796 1492 evadit
809 1457 897 1508 opaea

247 1505 291 1559 Sic
304 1507 380 1559 ambo
392 1507 426 1559 ad
438 1525 526 1559 muros
538 1508 624 1576 rapidi
636 1513 745 1576 totoque
756 1509 880 1561 feruntur

247 1577 368 1644 Agmine,
380 1593 429 1628 nee
441 1576 526 1644 longis
538 1577 608 1629 inter
621 1594 648 1630 se
659 1578 779 1645 passibus
791 1578 903 1644 absunt3

246 1646 286 1697 Ae
299 1645 377 1697 simul
390 1645 486 1697 AEneas
498 1645 632 1697 fumantes
645 1647 753 1714 pulvere
766 1664 870 1715 campos

246 1713 385 1782 Prospexit
397 1714 482 1781 longe,
491 1715 685 1782 Laurentiaque
697 1716 805 1783 agmina
816 1717 885 1769 vidit
891 1735 899 1782 ;

246 1782 282 1836 Et
295 1801 393 1836 saevum
405 1783 508 1835 AEnean
520 1784 629 1851 agnovit
641 1785 747 1836 Turnus
758 1786 788 1836 in
800 1786 886 1852 armis,

244 1853 449 1920 Adventumque
461 1854 559 1920 pedum
571 1853 701 1921 flatusque
713 1855 816 1906 audivit
828 1872 962 1923 equorum.

245 1922 428 1989 Continuoque
440 1921 531 1974 ineant
544 1939 647 1990 pugnas
660 1928 687 1974 et
699 1923 792 1990 proelia
803 1929 920 1977 tentent:

244 1991 281 2043 Ni
292 2009 380 2044 roseus
392 1991 471 2043 fessos
480 1993 537 2059 jam
550 1992 656 2059 gurgite
668 1991 784 2044 Phoebus
796 1992 894 2045 Hibero

244 2060 342 2128 'fingat
355 2077 441 2128 equos,
455 2066 611 2128 noctemque
624 2061 666 2112 die
679 2061 785 2114 labente
797 2061 913 2115 redueat.

245 2129 392 2184 Considunt
404 2129 495 2184 eastris
508 2134 570 2182 ante
582 2128 682 2198 urbem,
695 2136 722 2183 et
734 2131 831 2184 moenia
841 2131 950 2185 vallant.
