2700 3242
398 185 532 264 Cerbalus,
545 205 572 250 et
585 199 668 249 crines
681 185 803 250 umbrosa
815 198 921 266 tegebat
933 199 1034 250 arundo
1045 216 1052 261 ;

397 267 465 319 Tum
478 267 514 319 sic
527 267 608 333 afferi,
622 275 649 319 et
661 285 736 318 cures
748 268 790 318 his
802 268 905 319 demere
919 268 1012 319 dictis:

434 330 479 384 “O
491 340 547 386 sete
559 340 637 401 gente
650 335 737 400 deum,
750 335 889 401 'frojanam
902 354 934 387 ex
947 336 1070 388 hostibus
1083 340 1166 392 urben

399 398 451 462 Qui
462 399 564 451 revehis
576 401 657 466 nobis,
672 407 821 468 aeternaque
833 401 961 468 Pergama
973 420 1067 469 servas,

398 467 557 536 Exspectate
569 469 622 521 solo
635 469 761 522 Laurenti
773 470 894 538 arvisque
906 470 1014 535 Latinis,

399 536 451 588 Hic
463 537 513 589 tibi
525 543 597 590 certe
608 538 709 601 domus,
722 539 794 605 certi,
806 556 840 590 ne
852 539 956 606 absiste,
968 545 1077 608 penates
1087 559 1096 605 ;

399 605 458 658 Neu
470 606 533 659 belli
545 613 641 660 terrere
652 608 740 660 minis.
771 609 867 660 Tumor
880 609 963 660 omnis
975 615 1002 661 et
1013 609 1060 661 irae

399 674 550 728 Concessere
562 676 649 731 (leiim.

399 743 514 811 Jamque
526 745 583 812 tibi,
595 763 629 798 ne
641 763 710 798 vena
722 750 799 814 putes
811 745 868 798 haec
879 746 979 814 fingere
991 763 1121 816 somnum,

399 812 508 864 Litoreis
520 813 613 882 ingens
624 815 734 867 invente
747 814 795 867 sub
806 814 911 867 ilicibus
923 833 974 884 sus,

398 880 519 949 Tiiginte
530 883 649 950 capitum
660 884 731 936 setus
743 885 829 951 enixe,
839 883 940 952 jacebit
950 904 957 948 ;

398 949 474 1016 Albe,
487 950 540 1003 solo
552 952 687 1020 recubans,
699 953 754 1005 albi
765 954 864 1005 circum
875 953 956 1006 ubere
967 953 1032 1008 neti

399 1018 452 1071 Hic
464 1019 536 1071 locus
547 1020 620 1073 urbis
632 1022 691 1088 erit,
702 1022 804 1090 requies
816 1039 848 1074 ee
859 1029 931 1076 certe
943 1023 1078 1076 laborum:

399 1087 441 1140 Ex
453 1106 505 1157 quo
517 1089 643 1142 terdenis
655 1090 748 1143 urbem
759 1091 931 1144 redeuntibus
942 1092 1019 1145 ennis

399 1157 528 1210 Asconius
540 1158 604 1210 clari
616 1159 711 1211 condet
723 1160 884 1228 cognominis
893 1160 997 1214 Albam.

400 1226 482 1279 Haud
494 1227 595 1279 incerta
607 1245 679 1281 ceno.
708 1228 787 1281 Nunc
800 1247 852 1298 que
863 1230 965 1282 ratione
977 1229 1047 1299 quod
1058 1230 1145 1285 instet

399 1294 531 1364 Expedite
543 1295 634 1364 victor,
646 1298 744 1365 paucis,
757 1298 871 1366 adverte,
884 1298 987 1352 docebo.

399 1365 513 1418 Arcades
525 1364 566 1417 his
578 1366 637 1434 oris,
649 1383 732 1434 genus
743 1384 760 1419 a
772 1366 894 1420 Pallante
905 1369 1060 1437 profectum,

401 1433 454 1497 Qui
464 1451 553 1501 regem
565 1434 719 1487 Evandrum
730 1437 846 1504 comites,
859 1437 905 1505 qui
917 1438 994 1504 signe
1005 1437 1098 1506 secuti,

400 1502 525 1584 pelegere
537 1503 632 1584 locum2
645 1509 672 1584 et
685 1521 793 1572 posuere
804 1506 833 1557 in
844 1506 978 1559 montibus
990 1506 1091 1574 unbem,
