2700 3242
514 303 684 360 AENEIDOS
701 305 769 360 LIB.
786 305 819 362 X.
862 335 867 342 ·
1038 310 1089 361 303

245 406 346 461 Fronte
355 406 419 460 ferit
431 411 536 474 terram,
547 409 575 460 et
587 425 704 460 crassum
716 408 799 461 vomit
811 425 855 461 ore
866 425 991 464 emerem.

244 477 310 531 Tres
322 493 426 545 quoque
437 477 571 530 Threicios
583 476 672 530 Boreae
685 477 718 529 de
730 484 809 545 gente
821 496 950 546 suprema,
1037 481 1090 533 350

245 546 284 599 Et
295 553 356 614 tres,
369 563 433 614 quos
445 546 507 599 Idas
519 552 596 615 pater
607 553 635 599 et
646 547 735 615 patria
748 547 849 600 ismara
860 549 954 616 mittit,

245 615 299 668 Per
310 616 396 668 varios
408 616 503 668 sternit
515 632 597 669 casus.
632 616 757 669 Accurrit
769 617 891 684 Halesus,

245 685 432 752 Auruncaeque
443 702 537 738 manus
547 703 555 749 ;
573 684 645 737 subit
657 691 685 738 et
697 686 834 755 Neptunia
845 686 938 754 proles,

246 754 364 823 Insignis
377 754 514 822 Messapus
526 754 607 822 equis.
642 755 783 824 Expellere
794 755 910 808 tendunt

244 824 274 877 N
275 840 327 876 unc
339 823 375 890 hi,
387 840 459 876 nunc
470 823 529 887 illi;
547 828 664 876 certatur
676 823 769 876 limine
782 824 879 892 inipso

244 893 379 946 Ausoniae.
413 892 513 960 Magno
525 893 656 945 discordes
668 893 765 946 aethere
777 893 851 947 venti

245 961 345 1015 Proelia
356 978 406 1014 ceu
417 961 517 1014 tollunt
528 961 623 1014 animis
636 968 663 1015 et
675 962 775 1016 viribus
787 963 885 1031 aequis;

244 1031 308 1086 Non
319 1030 371 1100 ipsi
382 1031 453 1083 inter
464 1048 499 1097 se,
510 1047 564 1083 non
576 1031 675 1098 nubila,
688 1048 741 1084 non
752 1049 825 1085 mare
836 1033 955 1086 cedunt·
969 1049 977 1094 3

245 1100 353 1170 Anceps
383 1117 456 1169 ugus
468 1100 532 1164 diu;
550 1106 623 1153 stant
635 1101 727 1153 obnixi
738 1120 745 1166 3
763 1102 852 1154 omnia
864 1109 963 1156 contra.

246 1170 331 1223 Haud
372 1171 421 1222 'ter
432 1170 551 1237 Trojanae
563 1169 631 1222 acies
642 1170 763 1238 aciesque
774 1171 876 1224 Iatinoe
1039 1175 1092 1227 ³60

246 1239 414 1292 Concurrunt
424 1258 431 1304 ;
449 1239 532 1292 haeret
543 1239 610 1308 pede
622 1257 675 1308 pes,
689 1240 837 1308 densusque
849 1241 905 1294 viro
916 1240 965 1297 vir.

283 1309 321 1361 At
333 1315 408 1378 parte
420 1327 454 1361 ex
465 1308 526 1376 elia,
538 1325 592 1377 qua
603 1326 667 1362 saxa
679 1310 796 1362 rotantia
807 1309 861 1363 late

247 1378 397 1447 hpulerat
408 1383 510 1431 torrens
522 1379 683 1448 arbusteque
694 1379 783 1431 diruta
794 1379 867 1448 ripis,

246 1448 373 1515 Arcadas,
385 1447 501 1500 insuetos
513 1447 581 1500 acies
593 1448 691 1501 inferte
702 1447 841 1517 pedestres,

247 1518 288 1571 Ut
299 1517 368 1570 vidit
379 1516 468 1569 Palles
479 1517 555 1570 Iatio
567 1517 629 1570 dare
641 1523 717 1586 terga
728 1519 851 1584 sequaci;

247 1587 351 1656 Aspera
362 1586 437 1655 queis
448 1591 547 1639 nutura
557 1585 608 1639 loci
620 1587 755 1640 dimittere
767 1588 872 1655 quando

248 1656 341 1711 Suasit
353 1672 448 1722 equos:
466 1673 551 1708 unum
563 1656 633 1724 quod
644 1655 722 1708 rebus
733 1662 817 1709 restat
828 1657 924 1723 egenis,

248 1726 329 1779 Nune
341 1741 425 1793 prece,
437 1741 510 1778 nunc
522 1725 599 1778 dictis
611 1725 739 1779 virtutem
750 1727 871 1778 accendit
882 1728 993 1779 amera:

252 1792 334 1856 “Quo
345 1792 446 1859 fugitis,
459 1793 541 1845 sociil
559 1809 606 1861 per
617 1808 663 1844 vos
674 1800 702 1844 et
713 1793 793 1846 sortia
805 1795 884 1858 facta,

248 1861 301 1916 Per
314 1862 388 1915 ducis
400 1861 517 1916 Evandri
528 1879 632 1931 nomeu,
644 1861 801 1930 devictaque
811 1860 889 1930 bella,
1039 1862 1092 1917 370

248 1931 268 1985 S
302 1949 381 2001 mque
393 1948 486 2000 meam,
498 1932 592 2001 patriae
604 1948 662 1999 quse
674 1949 746 1984 nunc
758 1930 831 1984 subit
842 1930 939 1984 aemula
950 1930 1031 1997 laudi,

248 1949 340 2054 iiiito
351 2017 385 2053 ne
396 2001 515 2070 podibus.
550 2001 629 2054 Ferro
640 2001 788 2070 rumpenda
798 2018 846 2081 per
858 2001 945 2053 hostes

249 2070 300 2124 Est
311 2071 363 2125 via
399 2071 458 2134 Qua
468 2069 563 2138 globus
574 2071 621 2123 ille
632 2071 720 2124 virum
732 2070 901 2122 densissimus
912 2074 998 2137 urget,

249 2139 311 2193 Hac
323 2157 368 2193 vos
379 2145 407 2192 et
419 2140 543 2192 Pallanta
554 2140 649 2193 ducem
661 2141 749 2209 patrie
760 2140 816 2192 alta
828 2139 947 2208 reposcit.

249 2209 370 2263 Numine
380 2209 456 2262 nulla
485 2215 608 2275 remunt3
625 2209 732 2262 mortali
744 2226 868 2276 urgemur
879 2208 912 2261 ab
924 2209 999 2261 hoste

235 2279 394 2349 'Moralem
411 2227 522 2332 totidem
533 2278 608 2331 nobis
621 2279 767 2347 snimoeque
779 2295 931 2346 manusque.

250 2349 327 2416 Ecce,
338 2349 418 2401 maris
429 2365 526 2416 magna
538 2348 640 2401 claudit
651 2351 699 2400 nes‘
711 2348 794 2415 objice
806 2354 903 2415 pontus
913 2365 921 2411 ;

250 2417 332 2471 Deest
339 2420 397 2486 jam
408 2424 479 2470 terra
490 2418 577 2485 fuga:
595 2418 705 2487 pelagus
717 2417 855 2483 Trojamne
867 2423 986 2485 petemus
996 2415 1023 2469 l”

251 2487 318 2539 Haec
329 2488 375 2554 ait,
388 2493 415 2539 et
427 2487 529 2539 medius
541 2487 633 2540 densos
645 2487 794 2555 prorumpit
806 2486 834 2538 in
846 2486 941 2540 hostes.

252 2556 352 2610 Obvius
364 2557 426 2608 huic
439 2557 561 2624 primum,
573 2558 636 2609 fatis
648 2557 780 2609 adductus
793 2555 897 2623 iniquis,
1041 2556 1093 2607 380

250 2625 297 2678 Fit
310 2626 413 2693 Lagus:
431 2626 510 2693 hunc,
522 2643 618 2693 magno
631 2626 706 2680 vellit
718 2626 783 2677 dum
794 2625 908 2694 pondere
920 2641 1021 2690 saxum,

253 2695 358 2747 Intorto
370 2695 429 2763 figit
441 2695 501 2762 tole,
514 2695 666 2749 discrimina
678 2696 756 2746 costis

252 2764 304 2817 Per
314 2765 429 2828 medium
442 2781 495 2832 qua
506 2765 585 2834 spina
597 2764 682 2821 dabat
692 2785 701 2834 ·,
716 2765 883 2835 hastamque
890 2765 1021 2832 receptat

245 2832 351 2881 Ossibus
359 2831 513 2889 menum.
554 2837 647 2906 Quem
658 2858 719 2895 non
731 2857 816 2912 super
828 2836 955 2894 occubat
959 2827 1071 2889 nenos

632 2936 649 2969 *
663 2933 731 2976 cedit
