2700 3242
280 295 314 348 96
509 289 538 342 Ρ.
552 287 706 341 VIRGILII
723 286 885 342 MARONIS

278 389 330 452 Qui
342 405 420 457 mare,
434 389 478 457 qui
490 394 572 443 terras
584 392 655 443 omni
668 391 767 444 ditione
779 398 906 455 tenerent,

277 458 430 511 Pollicitus:
450 476 507 526 quae
521 466 553 527 te,
567 461 676 527 genitor,
690 462 821 513 sententia
833 462 933 514 vortitl

277 526 335 579 Hoc
347 528 468 595 equidem
480 545 601 580 occasum
612 530 694 597 Trojoe
707 531 846 598 tristesque
858 534 948 583 minas

276 595 391 664 Solabur,
403 597 466 649 fatis
479 598 609 649 contraria
621 599 678 649 fata
690 600 842 666 rependens.

278 664 356 719 Nunc
368 666 459 718 eadem
470 667 577 718 fortuna
589 667 657 719 viros
669 673 710 719 tot
722 668 823 719 casibus
836 677 906 720 actos

276 734 435 803 Insequitur.
471 735 555 799 Quem
567 736 613 786 das
625 736 712 802 finem,
724 754 771 788 rex
782 754 885 804 magne,
899 737 1038 792 laboruml

275 803 394 856 Antenor
406 804 500 872 potuit,
512 804 605 856 mediis
618 805 721 872 elapsus
733 805 848 873 Achivis,

277 873 397 943 Illyricos
409 879 546 994 penetrare
558 874 630 924 sinus
642 881 722 941 atque
735 875 830 926 intima
842 880 917 926 tutus

276 942 368 1011 Regna
380 944 412 996 In
428 960 562 1007 umorum,
575 948 602 994 et
614 943 715 994 fontem
727 961 849 1011 superare
861 945 971 1011 Timavi,

275 1012 353 1065 Unde
365 1030 411 1081 per
423 1029 468 1064 ora
479 1029 573 1063 novem
585 1018 659 1063 vasto
672 1028 733 1062 curn
745 1030 878 1065 murmure
890 1016 988 1066 montis

275 1080 303 1134 It
314 1099 386 1134 mare
398 1087 554 1150 proruptum
567 1084 594 1130 et
605 1080 699 1147 pelago
711 1081 807 1147 premit
819 1099 882 1135 arva
894 1085 1006 1135 sonanti.

276 1150 329 1203 Hic
340 1156 429 1202 tamen
441 1150 487 1202 ille
498 1149 590 1201 urbem
602 1150 697 1202 Patavi
711 1151 835 1217 sedesque
847 1151 944 1203 locavit

275 1218 441 1286 Teucrorum,
454 1225 481 1272 et
492 1220 566 1287 genti
578 1236 672 1271 nomen
686 1219 766 1285 dedit,
779 1236 902 1288 armaque
914 1221 975 1274 fixit

273 1288 370 1353 Troia3
388 1306 459 1340 nunc
470 1288 575 1358 placida
587 1293 735 1356 compostus
748 1305 812 1355 paco
824 1290 950 1356 quiescit:

273 1357 335 1423 Nos,
348 1364 396 1410 tua
406 1358 550 1439 progenies,
563 1357 622 1409 coeli
634 1357 729 1424 quibus
742 1358 837 1409 annuis
849 1374 942 1424 mecm,
1066 1363 1077 1412 l

274 1426 392 1480 Navibus
404 1427 561 1481 infandum!
581 1426 689 1492 amissis,
701 1426 780 1477 unius
793 1426 825 1478 ob
837 1426 903 1478 bam

274 1495 419 1562 prodimur,
433 1501 512 1564 atque
526 1495 600 1547 Italis
612 1495 690 1561 longe
702 1495 877 1562 disjungimur
889 1497 946 1547 oris.

274 1564 327 1617 Hic
357 1565 446 1617 ietatis
458 1565 538 1616 honos
549 1565 559 1616 l
577 1565 614 1616 sic
626 1581 673 1615 nos
685 1565 714 1614 in
727 1572 829 1632 sceptra
840 1567 944 1633 reponis
954 1565 980 1616 i”

309 1583 362 1687 Olli
374 1633 510 1686 subridens
521 1633 659 1685 hominum
671 1639 742 1685 sator
753 1641 832 1701 atque
845 1634 952 1685 deorum

273 1703 366 1769 Vultu,
379 1719 430 1770 quo
443 1703 538 1754 coelum
550 1707 770 1770 tempestatesque
784 1710 893 1766 serenat,

274 1772 370 1824 Oscula
382 1772 476 1823 libavit
488 1778 558 1822 nuta
570 1790 575 1834 ;
594 1771 690 1822 dehinc
703 1771 768 1822 talia
780 1772 868 1822 fatur:

273 1839 381 1890 “Parce
393 1844 473 1904 metu,
485 1837 612 1906 Cytherea
622 1855 629 1900 ς
646 1839 756 1887 manent
767 1834 877 1885 immota
889 1841 996 1889 tuorum

272 1908 340 1961 Fata
353 1906 402 1959 tibi
412 1924 419 1969 3
437 1922 526 1956 cernes
538 1904 630 1955 urbem
642 1910 669 1956 et
681 1906 807 1971 promissa
818 1903 913 1958 Lavini

272 1977 379 2042 Moenia,
392 1974 582 2041 sublimemque
594 1973 660 2024 feres
672 1972 707 2024 ad
720 1973 805 2038 sidera
817 1973 875 2024 coeli

273 2045 475 2113 Magnanimum
487 2043 606 2105 AEnean3
623 2059 709 2110 neque
721 2059 763 2093 mc
776 2041 907 2094 sententia
919 2043 1006 2096 vertit.
1062 2045 1077 2096 Ξ

273 2111 327 2167 Hic
354 2111 491 2166 tibi-fabor
508 2112 585 2178 enim,
598 2111 704 2178 quando
716 2111 773 2162 haec
785 2116 812 2163 te
824 2128 888 2162 cura
899 2111 1038 2180 remordet,

271 2183 386 2250 Longius
399 2188 426 2234 et
438 2180 544 2234 volvens
555 2180 671 2232 fatorum
683 2196 779 2232 arcana
790 2180 934 2232 movebo-

271 2252 376 2305 Bellum
387 2252 480 2319 ingens
491 2254 565 2317 geret
579 2249 664 2315 Italia,
677 2249 838 2317 populosque
850 2250 948 2301 feroces

272 2321 439 2383 Contundet;
457 2335 591 2386 moresque
605 2319 668 2370 viris
680 2323 707 2369 et
719 2318 816 2369 moenia
828 2324 915 2385 ponet,

270 2391 360 2444 Tertia
372 2390 436 2441 dum
448 2388 523 2441 Latio
534 2391 689 2454 regnantem
701 2386 797 2438 viderit
810 2393 892 2452 aestas,

271 2458 408 2526 Ternaque
420 2457 573 2510 transierint
586 2456 693 2507 Rutulis
705 2455 816 2508 hiberna
827 2455 948 2510 subactis.

271 2528 308 2580 At
320 2545 386 2594 puer
398 2527 534 2591 Ascanius,
546 2525 588 2577 cui
600 2542 672 2576 nunc
685 2542 827 2589 cognomen
841 2525 899 2577 Iulo

269 2597 391 2661 Additur,
404 2595 459 2646 Ilus
470 2602 534 2656 crat,
548 2595 611 2645 dum
624 2610 664 2645 res
677 2594 752 2647 stetit
765 2593 817 2646 Ilia
828 2610 915 2660 regno,

269 2670 391 2739 'litiginta
402 2683 510 2733 magnos
522 2663 656 2716 volvendis
669 2662 802 2715 mensibus
814 2663 887 2714 orbes

257 2738 379 2806 Impem'o
392 2735 518 2805 explebit,
532 2748 697 2803 regnumque
708 2732 741 2783 ab
753 2731 813 2784 sede
825 2730 919 2782 Lavini
1060 2736 1077 2788 2

242 2803 414 2878 sansures,
430 2814 461 2866 et
470 2806 582 2878 longam
594 2804 686 2860 multa
697 2803 728 2858 ui
736 2801 842 2856 muniet
855 2800 957 2853 Albam.
