2700 3242
410 310 579 367 AENEIDOS
596 313 663 367 ΠΒ.
681 311 713 366 X.
930 310 984 363 805

219 430 295 483 nune
306 413 406 483 'l'hybri
417 420 500 483 pater,
511 416 587 480 ferro,
600 414 670 482 qued
683 412 781 465 missile
791 411 866 479 hiare,

219 502 286 539 mam
298 492 377 552 atque
389 485 460 536 viam
472 483 531 535 duri
544 500 590 551 per
601 488 694 550 peetus
709 483 808 535 Halesi.

219 570 292 607 anna
303 553 463 620 exuuiasque
475 553 524 605 viri
537 559 584 603 tua
596 569 706 618 quercus
719 550 852 602 habebit.’'

222 629 235 675 t
246 621 295 674 illa
306 620 370 674 deus
380 638 386 673 :
404 618 469 672 dum
480 618 550 671 texit
562 618 672 670 Imaona
685 617 807 683 Halesus,

219 691 253 743 lio
265 689 359 742 infelix
371 688 424 742 telo
436 688 483 741 dat
495 694 588 756 pectus
600 688 738 739 inermum.

219 777 243 812 »n
255 759 325 812 eoede
337 758 387 811 viri
398 765 476 810 tanta
487 757 626 826 perterrita
638 756 748 821 Lausus,

219 829 310 896 ingens
321 827 392 893 belli,
405 827 469 879 sinit
480 825 604 893 agmina:
622 826 724 893 primus
736 823 866 877 Abantem

219 898 297 950 situm
310 897 446 962 interimit,
458 911 555 965 pugnae
567 894 718 962 nedumque
730 911 887 962 moramque.

220 967 276 1019 itur
287 965 407 1018 Arcadiae
419 964 520 1034 proles:
538 970 693 1015 sternuntur
705 963 810 1015 Etrusci
821 982 828 1026 ;

220 1053 241 1102 s,
253 1052 268 1088 ο
281 1035 366 1088 Graiis
377 1034 519 1103 imperdita
530 1049 644 1101 corpora,
657 1033 757 1085 Teucri
928 1035 981 1087 430

221 1121 257 1157 na
267 1110 427 1156 concurrunt
438 1102 600 1170 ducibusque
612 1109 640 1154 et
652 1102 752 1153 viribus
764 1102 853 1170 aequis

220 1174 260 1226 ani
272 1173 417 1226 addensent
429 1172 513 1224 ecies:
530 1188 579 1223 nec
591 1171 670 1223 turbe
681 1171 780 1223 moveri

220 1259 360 1310 manusque
372 1242 443 1294 sinit.
479 1240 550 1293 Hinc
563 1240 650 1292 Pallas
662 1240 746 1293 instat
757 1245 785 1292 et
797 1247 882 1308 urget,

224 1319 315 1365 centn
327 1311 435 1378 Lausus,
447 1327 496 1362 uec
508 1309 623 1361 multum
635 1309 767 1377 discrepat
778 1317 850 1376 aetas,

220 1382 247 1450 gii
258 1381 348 1433 formae
359 1397 366 1443 ;
384 1380 429 1432 sed
441 1379 515 1449 queis
526 1379 634 1430 fortuna
645 1385 756 1446 negarat

220 1451 299 1503 triam
311 1449 418 1502 reditus.
454 1449 527 1517 ipsos
540 1465 692 1500 concurrere
703 1464 795 1516 passus

220 1565 221 1571 ,
234 1527 323 1572 tamen
334 1519 404 1570 inter
416 1535 442 1570 se
454 1517 544 1586 magni
556 1524 679 1584 regnator
691 1517 814 1586 Olympi:

220 1589 276 1641 illos
288 1606 336 1641 sua
347 1588 404 1640 fata
414 1594 524 1639 manent
535 1589 633 1654 majore
646 1585 695 1638 sub
706 1586 788 1638 hoste.

220 1675 280 1710 eree
291 1675 362 1710 seror
373 1656 443 1709 alma
454 1661 544 1708 monet
557 1661 728 1708 succurrere·
741 1655 828 1708 Lause

220 1744 267 1789 rm,
274 1726 320 1794 qui
332 1725 432 1778 volucri
444 1743 523 1778 curru
534 1725 650 1777 medium
662 1730 734 1778 secat
745 1742 848 1793 agmen.
925 1727 978 1778 440

220 1793 257 1845 dit
269 1793 364 1845 socios:
384 1793 517 1862 “Tempus
530 1794 654 1848 desistere
687 1814 783 1864 ugnae3

227 1878 275 1930 ego
287 1862 316 1913 in
328 1861 452 1943 Pallanta
464 1866 532 1915 feror
545 1883 552 1926 ;
570 1864 619 1916 soli
630 1813 698 1916 miii
711 1866 799 1918 Pallas

220 1948 273 1996 ;ur;
291 1948 413 2000 cuperem
424 1948 480 2001 lpse
491 1949 585 1999 parens
597 1940 729 2002 spectator
741 1935 867 1989 adesset.'’

220 2002 273 2064 ait;
291 2007 318 2054 et
330 2001 393 2054 socii
405 2008 538 2054 cesserunt
550 2020 653 2071 aequore
660 2005 741 2071 jussu.

220 2071 319 2123 rtulum
330 2070 457 2137 abscessu,
467 2071 573 2139 juvenis
585 2079 642 2124 tum
650 2075 725 2141 jussa
737 2075 849 2144 superba

221 2157 252 2192 us
265 2145 355 2208 stupet
367 2140 395 2192 in
407 2140 502 2207 Turno,
514 2157 659 2209 corpusque
670 2161 717 2212 per
729 2144 822 2212 ingens

220 2209 353 2275 devolvit,
366 2208 472 2278 obitque
484 2210 552 2261 truci
566 2211 655 2278 procul
667 2213 756 2265 emnia
767 2215 843 2278 risu;

221 2296 245 2330 rs
258 2285 284 2331 et
296 2278 374 2330 dietis
386 2279 408 2330 it
420 2286 511 2330 centra
523 2279 595 2331 dicta
606 2283 730 2347 tyranni:

230 2347 318 2414 spoliis
331 2363 379 2414 ego
388 2348 445 2416 jam
456 2347 539 2414 raptis
554 2345 680 2400 laudabor
691 2350 794 2418 opimis,

220 2422 258 2467 ete
270 2415 375 2482 insigni.
411 2416 480 2468 Serti
493 2425 569 2484 pater
581 2434 670 2485 aequus
684 2419 788 2487 utrique
800 2426 847 2474 est.
932 2423 986 2473 450

223 2484 332 2536 minas.'’
370 2485 451 2536 Fatus
463 2485 579 2537 medium
592 2487 711 2556 procedit
723 2488 751 2538 in
764 2506 862 2556 sequor.

221 2557 262 2608 lus
274 2555 418 2608 Arcadibus
430 2555 483 2607 coit
492 2555 523 2607 in
536 2555 679 2623 praecordia
691 2557 805 2623 sanguis.

221 2626 252 2678 rit
264 2625 368 2677 Turnus
380 2624 476 2692 bijugis
487 2641 494 2686 ;
511 2623 590 2691 pedes
602 2629 713 2692 apparat
725 2625 763 2677 ire

220 2711 269 2748 rus.
305 2694 394 2761 thue
406 2693 454 2759 leo,
467 2691 573 2762 specula
584 2709 667 2761 quum
679 2693 748 2746 vidit
759 2693 793 2746 ab
804 2694 865 2747 alte.

224 2763 316 2834 procul
329 2780 385 2815 cam
404 2763 427 2815 is
438 2762 617 2818 meditantem
628 2763 659 2819 iu
669 2764 771 2836 prml'ra
781 2771 912 2831 taurum,

221 2839 262 2894 et;
277 2831 352 2883 haud
362 2780 418 2886 adia
429 2840 474 2889 est
486 2833 576 2893 Turni
586 2837 734 2895 venientis
741 2837 854 2908 image.

482 2917 495 2948 *
509 2919 636 2962 succedere

553 2991 574 3028 x
675 2994 678 2999 .
