2700 3242
269 308 320 358 218
503 305 533 359 P.
547 304 701 358 VIRGILII
719 304 881 358 Minonis

269 407 390 475 Occupat
401 405 498 459 AEneas
510 407 620 474 editum,
633 424 779 476 corpusque
791 407 890 459 recenti

268 475 377 545 spargit
389 492 465 544 aqua,
477 493 631 544 ramumque
644 478 752 529 adverso
764 477 793 528 in
804 477 895 528 limine
907 476 974 544 figit.

304 545 355 598 His
367 546 474 597 demum
486 546 593 612 exactis,
606 547 723 614 perfecto
735 563 843 597 munere
855 546 931 614 divae,

268 614 403 667 Devenere
414 615 483 666 locos
496 615 576 681 laetos,
589 621 616 667 et
628 633 732 667 amoena
744 615 828 667 vireta

268 683 474 736 Fortunatorum
486 701 629 751 nemorum,
642 684 767 752 sedesque
779 683 876 736 beatas.

267 753 376 822 Largior
387 753 431 805 hic
444 769 548 821 campos
561 753 642 804 aether
654 760 681 805 et
692 753 793 805 lumine
805 753 885 806 vestit

267 820 411 892 Purpureo,
424 822 556 888 solemque
568 839 653 888 suum,
667 839 715 874 sua
727 823 812 874 sidera
824 828 930 875 norunt.

267 890 331 945 Pars
342 892 372 943 in
383 891 524 958 gramineis
536 897 659 942 exercent
671 893 788 943 membra
800 892 937 960 palaestris,

267 960 435 1014 Contendunt
446 960 516 1027 ludo,
529 966 556 1012 et
567 960 642 1012 fulva
654 961 792 1013 luctantur
803 979 896 1025 arena;

265 1028 330 1083 Pars
343 1030 453 1098 pedibus
464 1029 598 1097 plaudunt
610 1030 724 1097 choreas,
736 1037 763 1081 et
775 1031 893 1082 carmina
905 1030 1017 1085 dicunt:

265 1098 291 1151 N
292 1116 321 1152 ec
333 1117 386 1152 non
399 1099 535 1151 Threicius
547 1099 627 1166 longa
639 1116 700 1150 cum
712 1105 784 1151 veste
797 1101 914 1151 sacerdos

265 1169 424 1237 Obloquitur
435 1169 551 1219 numeris
564 1175 664 1236 septem
676 1169 828 1220 discrimina
839 1186 952 1232 vocum3

265 1239 381 1307 Jamque
393 1238 483 1290 eadem
496 1238 593 1305 digitis,
603 1240 660 1305 jam
671 1238 777 1306 pectine
789 1238 878 1306 pulsat
890 1237 996 1292 eburno.

265 1306 318 1360 Hic
330 1325 413 1376 genus
426 1308 566 1375 antiquum
578 1308 678 1373 Teucri,
692 1308 867 1375 pulcherrima
879 1308 971 1376 proles,

264 1376 431 1445 Magnanimi
443 1377 541 1444 heroes,
553 1377 612 1428 nati
623 1376 774 1428 melioribus
786 1376 870 1443 annis,

264 1445 381 1515 Ilusque,
393 1446 594 1514 Assaracusque,
607 1452 634 1498 et
646 1447 729 1513 Trojae
742 1446 882 1498 Dardanus
895 1451 995 1500 auctor.

264 1515 347 1568 Arma
359 1515 450 1584 procul
462 1531 606 1581 currusque
619 1515 706 1566 virum
717 1515 830 1566 miratur
842 1516 941 1568 inanes.

263 1584 342 1637 Stant
355 1591 424 1637 terra
436 1584 529 1636 defixae
541 1584 631 1651 hastae‚
644 1585 792 1652 passimque
805 1584 885 1636 soluti

263 1652 314 1706 Per
326 1671 430 1723 campos
442 1659 587 1722 pascuntur
600 1655 667 1722 equi.
704 1654 768 1717 Quae
780 1654 867 1721 gratia
880 1671 1007 1706 curruum

263 1723 454 1791 Armorumque
466 1723 520 1774 fuit
532 1723 605 1789 vivis,
619 1740 677 1791 quae
690 1740 753 1774 cura
765 1723 880 1774 nitentes

263 1792 373 1845 Poscere
386 1809 471 1860 equos,
485 1792 575 1843 eadem
588 1793 707 1859 sequitur
719 1792 814 1843 tellure
826 1799 948 1860 repostos.

263 1862 395 1931 Conspicit
407 1879 467 1913 occe
479 1861 542 1913 alios
555 1861 649 1913 dextra
660 1861 779 1929 laevaque
792 1879 838 1929 per
850 1861 958 1914 herbam

263 1930 412 1998 Vescentes,
424 1931 568 1998 laetumque
580 1931 658 1983 choro
670 1931 767 1983 Paeana
780 1938 910 1997 canentes

263 2000 337 2053 Inter
348 2001 485 2053 odoratum
497 2001 566 2052 lauri
578 2018 686 2053 nemus:
705 2001 775 2052 uude
788 2018 898 2069 superne

262 2070 396 2122 Plurimus
408 2070 518 2122 Eridani
530 2087 577 2138 per
589 2071 682 2122 silvam
694 2071 810 2122 volvitur
821 2071 913 2122 amnis.

261 2139 315 2192 Hic
326 2157 427 2206 manus,
440 2140 472 2191 ob
485 2141 598 2208 patriam
610 2139 754 2207 pugnando
766 2139 876 2193 vulnera
887 2140 965 2209 passi,

262 2210 365 2278 Quique
377 2209 522 2262 sacerdotes
534 2209 607 2275 casti,
620 2209 684 2260 dum
697 2209 753 2261 vita
764 2209 895 2277 manebat,

262 2279 366 2346 Quique
378 2279 417 2347 pii
429 2284 509 2346 vates,
522 2284 549 2329 et
561 2278 659 2330 Phoebo
672 2279 754 2346 digna
765 2279 855 2345 locuti,

262 2348 386 2402 Iuventas
398 2354 446 2400 aut
458 2348 504 2415 qui
516 2348 600 2401 vitam
612 2349 748 2400 excoluere
760 2366 806 2417 per
818 2355 894 2415 artes,

262 2417 364 2486 Quique
376 2418 416 2469 sui
427 2435 553 2469 memores
565 2417 629 2469 alios
641 2418 726 2469 fecere
737 2419 876 2470 merendo:

261 2487 389 2540 Omnibus
401 2487 442 2538 his
454 2487 532 2538 nivea
544 2487 689 2553 cinguntur
700 2493 818 2554 tempora
831 2487 908 2545 vitta.

261 2556 331 2619 Quos
344 2556 513 2607 circumfusos
526 2556 563 2607 sic
576 2562 615 2607 est
628 2556 709 2607 affata
721 2556 864 2624 Sibylla,-

259 2623 391 2676 Musaeum
403 2631 465 2676 ante
477 2641 565 2676 omnes
576 2643 583 2688 ;
600 2625 718 2677 medium
730 2643 792 2677 nam
804 2626 918 2694 plurima
930 2626 1010 2679 turba

251 2693 340 2747 Hunc
348 2693 438 2763 babet,
451 2699 532 2764 atque
544 2694 659 2746 humeris
672 2701 821 2747 exstantem
834 2695 943 2763 suspicit
955 2696 1018 2749 altis
1029 2716 1038 2751 :-

243 2773 367 2845 “Dicite
381 2774 477 2832 felices
489 2773 597 2843 animae,
609 2776 704 2846 tuque,
715 2769 814 2842 optime
825 2773 899 2823 vetet
912 2787 920 2832 ἱ
