2700 3242
516 303 683 358 AENEIDOS
697 305 769 360 Iun.
786 306 818 358 X.
1035 303 1086 356 317

242 400 393 456 Debueram
404 406 498 474 patris
509 421 599 486 poepcs
611 405 729 473 odiisque
740 420 872 458 meorum:

243 471 341 524 Omnes
352 490 399 541 per
409 481 505 526 mortes
517 492 633 527 ammam
646 481 746 526 sontem
759 475 813 542 ipse
826 473 970 526 dedissem!

241 539 322 593 Nunc
334 542 410 594 vivo!
429 561 514 611 neque
525 544 612 596 a'dhuc
625 544 743 596 homines
755 543 891 611 lucemque
902 544 1039 609 relinquo!

243 607 295 660 Sed
306 608 450 678 linquam.''
486 615 570 668 Simul
583 617 634 669 hoc
647 618 737 671 dicens
749 617 848 670 attollit
860 618 889 670 in
902 634 1003 685 oegrum

244 676 278 730 Se
289 679 393 744 femur;
411 686 445 748 et,
458 698 619 751 quamquam
630 685 670 737 vis
682 685 737 737 sito
748 685 857 737 vulnere
869 686 964 746 tardat,

243 746 327 800 Haud
339 749 455 818 dejectus
467 769 564 820 equum
576 753 638 805 duci
645 753 731 822 jubet
766 754 824 805 Hoc
836 754 915 805 decus
926 753 974 819 illi,

243 815 304 868 Hoc
316 817 430 872 solamen
443 827 499 874 erat
509 841 516 885 ;
534 822 610 875 bellis
622 822 671 874 hoc
684 824 767 876 victor
778 822 868 875 abibat

244 885 380 941 Omnibus.
414 889 567 958 Alloquitur
578 898 739 959 maerentem,
751 896 779 944 et
790 890 888 944 talibus
901 890 974 943 infit:
1036 892 1088 942 860

246 959 261 986 “
270 957 377 1025 Rhoebe,
388 957 516 1010 diu-res'
524 959 546 1008 si
558 975 611 1026 qua
623 957 671 1010 diu
682 959 838 1011 mortalibus
850 961 906 1011 ulla
918 969 994 1011 est-

244 1021 375 1076 Viximus.
410 1025 467 1076 Aut
478 1025 556 1076 hodic
568 1025 651 1077 victor
663 1024 747 1092 spolia
758 1023 806 1074 illa
817 1031 927 1075 cruenta

244 1090 281 1144 Et
295 1099 375 1161 caput
386 1093 479 1146 AEneae
490 1094 594 1160 referes,
607 1093 739 1160 Lausique
751 1092 870 1144 doiorum

244 1160 323 1213 Uitor
334 1163 384 1214 eris
396 1179 515 1215 mecum:
534 1168 588 1229 aut,
601 1162 686 1231 aperit
698 1162 721 1214 si
732 1161 808 1212 nulla
819 1162 889 1213 viam
902 1162 949 1224 vis,

246 1229 390 1283 Oeeumbes
401 1233 507 1301 pariter.
542 1232 634 1299 Neque
646 1231 724 1296 enim,
736 1230 883 1295 fortissime,
896 1231 972 1283 credo

245 1299 265 1351 J
266 1316 327 1352 ussa
339 1300 426 1353 aliena
437 1302 494 1371 pati
506 1306 533 1353 et
545 1301 663 1352 dominos
675 1300 817 1366 dignabere
829 1299 961 1353 Teucros?

245 1367 331 1435 Dixit,
342 1375 370 1422 et
382 1378 509 1439 exceptus
520 1376 594 1438 tergo
606 1376 732 1422 consueta
743 1368 840 1420 locavit

245 1436 373 1506 Membra,
384 1456 530 1508 manusque
542 1439 631 1491 ambas
639 1438 736 1507 jaculis
748 1437 866 1490 oneravit
878 1437 969 1504 acutis,

247 1506 310 1559 AEre
322 1515 403 1576 caput
414 1509 525 1577 fulgens,
537 1509 667 1575 cristaque
679 1508 797 1560 hirsutus
809 1506 912 1572 equine.

246 1575 290 1628 Sic
303 1594 408 1630 cursum
419 1578 449 1629 in
460 1578 558 1630 medios
569 1577 678 1646 rapidus
690 1577 771 1629 dedit.
805 1577 912 1628 AEstuat
924 1575 1017 1644 ingens
1038 1576 1090 1631 870

247 1645 308 1698 Uno
319 1646 348 1698 in
360 1647 436 1699 corde
448 1647 539 1715 pudor,
551 1647 688 1714 mixtoque
699 1645 802 1698 insanio
814 1645 897 1710 luctu,

246 1713 295 1785 [Et
307 1715 394 1768 Furiis
405 1717 523 1783 agitatus
534 1733 613 1783 amor,
626 1723 654 1768 et
666 1716 769 1768 conscia
780 1715 865 1767 virtus
875 1713 895 1784 ;]

246 1783 337 1853 Atque
348 1785 392 1838 hic
403 1785 507 1836 AEnean
517 1802 615 1853 magna
627 1791 668 1837 ter
680 1801 742 1837 voce
754 1784 865 1837 vocavit.

247 1853 488 1922 AEneos-egnovit
500 1855 734 1920 enim-laetusque
746 1861 884 1921 precatur:

246 1921 312 1974 “Sic
324 1927 400 1990 pater
411 1920 456 1972 ille
468 1920 548 1972 deum
559 1919 647 1985 faciat,
661 1919 698 1973 sic
711 1919 782 1972 situs
793 1920 888 1988 Apollo
900 1924 906 1975 ἔ

248 1989 366 2059 Incipias
379 1989 495 2042 conferre
506 1987 639 2042 manum.”

247 2060 363 2113 'fantum
375 2057 479 2122 effatus,
491 2065 518 2110 ct
530 2057 627 2109 infesta
640 2056 711 2108 subit
724 2057 815 2109 obvius
827 2057 911 2110 hasta.

266 2127 284 2150 '¹
391 2145 401 2170 1
415 2145 420 2180 :
440 2126 534 2190 “Quid
546 2144 588 2177 me
601 2133 697 2194 erepto,
709 2127 853 2190 saevissime,
866 2134 927 2182 nato

376 2216 431 2251 uec
443 2198 488 2251 via
500 2197 554 2249 sola
565 2196 625 2264 fuit,
641 2212 694 2265 qua
705 2194 813 2262 perdere
824 2212 918 2262 posses.

247 2271 274 2322 N
275 2287 305 2322 ec
316 2275 427 2322 mortem
438 2268 579 2334 horremus,
592 2283 641 2318 nec
654 2265 746 2319 divum
758 2264 890 2332 parcimus
901 2264 957 2319 ulli.
1040 2269 1091 2319 880

248 2339 362 2392 Desine:
377 2340 434 2406 jam
445 2338 522 2390 venio
532 2336 683 2403 moriturus,
698 2340 725 2386 et
737 2333 793 2385 haec
805 2333 855 2385 tibi
867 2340 942 2400 porto

234 2404 324 2457 ‘Dona
334 2407 432 2473 prius.’'
466 2406 552 2471 Dixit,
564 2405 700 2472 telumque
712 2405 818 2457 intorsit
829 2405 858 2456 in
871 2404 991 2468 hostem

248 2477 316 2530 Inde
327 2477 401 2530 aliud
413 2495 492 2546 super
503 2482 584 2545 atque
596 2476 670 2528 aliud
682 2475 801 2544 figitque,
813 2473 937 2541 volatque

248 2547 357 2615 Ingenti
369 2564 452 2615 gyro:
471 2547 515 2599 sed
528 2546 642 2598 sustinet
654 2562 748 2598 aureus
760 2543 846 2596 umbo.

248 2616 300 2669 Ter
311 2617 410 2669 circum
422 2616 572 2669 adstantem
584 2615 662 2668 laevos
674 2613 805 2682 equitavit
816 2612 845 2663 in
857 2609 938 2677 orbes,

249 2685 314 2738 Tela
324 2703 407 2738 manu
415 2686 517 2755 jaciens
528 2703 535 2748 ;
553 2690 594 2737 ter
606 2701 695 2736 secum
707 2684 799 2734 Troius
812 2680 887 2731 horos

249 2754 397 2807 Immunem
410 2761 488 2807 aerato
501 2754 653 2808 circumfert
665 2751 786 2823 tegmine
796 2750 904 2802 rituam.

244 2823 313 2876 Inde
325 2822 372 2873 ubi
382 2828 422 2876 tot
435 2825 550 2880 traxisse
563 2844 661 2898 moras,
674 2834 719 2881 tot
731 2822 843 2898 spicuis.
852 2819 947 2874 tabet
