2700 3242
265 303 323 360 '140
510 307 539 361 P.
552 306 708 361 VIRGILII
725 305 889 360 MARONIS

278 413 379 476 Quarto
391 415 462 464 terra
474 409 516 463 die
528 411 643 479 primum
656 427 683 462 se
695 409 815 462 attollere
826 409 935 462 tandem

277 482 349 548 Visa,
361 481 462 549 aperire
473 480 565 549 procul
576 484 686 546 montes,
699 495 731 532 ac
742 479 846 532 volvere
857 479 969 532 fumum.

278 549 343 603 Vela
355 549 470 613 eadunt;
487 549 566 602 remis
577 548 739 616 insurgimus
749 567 756 611 ;
774 547 846 600 haud
857 565 937 614 mora,
949 551 1039 600 nautae

278 619 379 672 adnixi
391 625 514 687 torquent
527 633 640 686 spumas,
652 623 680 669 et
692 616 790 669 caerula
801 624 917 670 vemmt

277 689 417 742 Servatum
428 705 461 740 ex
475 687 554 739 undis
566 686 745 754 Strophadum
757 703 799 738 me
811 686 889 738 litera
901 686 1017 754 primum

277 758 427 826 Accipiunt,
440 756 598 826 Strophades
611 756 689 808 Graio
701 761 774 807 stant
785 756 891 807 nomine
903 756 981 808 dictae
1070 756 1122 807 210

277 826 376 878 Insulae
390 826 463 878 ionio
475 826 504 877 in
516 841 619 892 magno,
632 842 697 893 quas
710 825 768 876 dira
780 825 881 877 Celaeno

277 896 456 964 Harpyiaeque
468 895 559 946 colunt
571 894 637 961 aliae,
651 894 764 946 Phineia
776 900 915 962 postquam

277 965 372 1017 Clausa
383 965 483 1030 domus,
495 980 650 1031 mensasque
662 971 736 1014 metu
748 963 847 1031 liquere
859 964 964 1030 priores.

276 1034 388 1086 [tristius
400 1033 472 1085 haud
484 1033 537 1084 illis
552 1039 706 1099 monstrum,
719 1050 768 1084 nec
780 1033 872 1084 saevior
884 1032 940 1084 ulla

277 1102 362 1156 Pestis
374 1107 401 1154 et
413 1103 452 1154 ira
464 1102 544 1154 deum
556 1102 654 1169 Stygiis
667 1119 721 1154 sese
734 1101 832 1153 extulit
844 1101 929 1154 undis.

277 1172 397 1239 Virginei
409 1171 546 1225 volucrum
558 1172 655 1238 vultus,
667 1171 811 1223 foedissima
823 1170 923 1223 ventris

277 1241 420 1309 Proluvies,
433 1257 559 1309 uncaeque
569 1257 671 1308 manus,
684 1246 712 1292 et
723 1239 823 1309 pallida
835 1256 936 1308 semper

278 1311 330 1365 Ora
343 1311 418 1362 fame.

312 1379 327 1405 “
338 1383 399 1434 Huc
411 1380 456 1434 u'bi
468 1378 551 1432 delati
563 1382 654 1447 portus
665 1375 832 1443 intravimus,
844 1395 905 1430 ecce

277 1444 351 1497 Lata
363 1444 442 1496 boum
453 1445 551 1512 passim
562 1445 661 1513 eampis
673 1451 793 1497 armenta
805 1445 925 1498 videmus
1069 1448 1122 1498 220

276 1509 504 1581 Caprigenumque
516 1530 602 1593 pecus,
614 1504 695 1565 nulle'
701 1514 815 1580 custode,
828 1532 874 1582 per
886 1514 987 1568 herbas.

279 1583 407 1634 irruimus
419 1582 494 1648 ferro,
507 1589 534 1634 et
546 1582 619 1634 divos
631 1583 770 1650 ipsumque
782 1601 905 1635 vocamus

279 1651 311 1703 ln
323 1657 425 1720 partem
437 1651 605 1719 praedamque
617 1651 636 1703 J
638 1670 720 1705 ovem.
747 1652 815 1704 Tum
827 1653 903 1704 litore
916 1669 996 1705 curvo

281 1720 497 1787 Exstruimusque
510 1725 586 1787 toros,
599 1720 764 1790 dapibusque
776 1721 915 1789 epulamur
927 1722 1027 1791 opimis

279 1789 314 1841 At
327 1789 420 1841 subitae
432 1789 552 1841 horrifico
564 1788 639 1858 lapsu
653 1790 685 1842 de
697 1791 830 1842 montibus
842 1791 941 1843 adsunt

278 1859 412 1926 Harpyia,
425 1864 452 1910 et
463 1859 566 1925 magnis
578 1859 704 1926 quatiunt
716 1860 882 1927 clangoribus
894 1861 957 1927 alas,

278 1927 465 1995 Diripiuntque
478 1928 564 1996 dapes,
577 1935 753 1996 contactuque
765 1929 853 1981 omnia
864 1930 966 1982 ioedant

278 1995 436 2060 Immunde;
454 2002 512 2049 tum
525 2015 575 2049 vox
588 2003 688 2049 tetrum
700 1999 758 2049 dira
769 1999 839 2049 inter
850 1999 962 2052 odorem

278 2065 394 2118 Rursum
405 2067 434 2118 in
446 2083 547 2118 secessu
559 2067 636 2134 longo
649 2067 697 2119 sub
709 2085 775 2136 rupe
787 2074 888 2135 cavata,
928 2081 931 2085 ·

277 2134 421 2187 Arboribus
433 2135 515 2186 clausi
528 2135 626 2187 circum
638 2142 718 2204 atque
730 2137 897 2189 horrentibus
909 2137 1016 2204 umbris,
1069 2140 1123 2190 230

279 2204 438 2257 instruimus
450 2222 559 2272 mensae,
572 2205 675 2273 arisque
687 2207 837 2274 reponimus
849 2207 954 2273 ignem:

278 2274 394 2325 Rursum
407 2291 440 2326 ex
453 2275 553 2326 diverso
567 2275 625 2326 coeli
638 2275 764 2343 caecisque
775 2274 882 2328 latebris

277 2343 365 2395 Turba
378 2360 472 2395 sonans
484 2344 600 2412 praedam
612 2344 723 2412 pedibus
735 2345 906 2397 circumvolat
917 2346 1001 2413 uncis,
1043 2348 1046 2353 '

278 2412 380 2464 Polluit
391 2428 433 2464 ore
447 2412 532 2481 dapes.
563 2413 644 2465 Sociis
656 2420 728 2479 tunc,
741 2431 815 2466 arma
827 2423 971 2482 capessant,

277 2479 367 2546 Edico,
380 2487 406 2532 et
419 2482 476 2534 dira
488 2482 587 2534 bellum
599 2501 660 2534 cum
671 2489 751 2549 gente
763 2484 922 2551 gerendum:

278 2550 359 2602 Haud
372 2567 444 2603 secus
457 2569 488 2603 ac
496 2553 564 2619 jussi
575 2553 685 2617 faciunt,
698 2557 831 2620 tectosque
843 2571 889 2621 per
901 2552 1010 2605 herbam

277 2618 428 2687 Disponunt
441 2638 520 2685 enses,
534 2627 561 2673 et
573 2628 648 2674 scuta
659 2622 771 2674 latentia
784 2623 907 2674 condunt.

273 2687 351 2754 Erga
367 2688 411 2740 ubi
425 2689 538 2759 delapsae
551 2691 666 2743 sonitum
678 2709 725 2759 per
737 2708 818 2744 curva
830 2692 924 2744 dedere

257 2754 357 2822 Litora,
373 2758 425 2813 dat
435 2760 546 2830 signum
560 2762 671 2836 specula
683 2762 803 2818 Misenus
814 2761 848 2815 ab
858 2761 916 2813 alta

239 2819 312 2876 AE're
324 2843 401 2885 caro,
433 2832 587 2894 Invadunt
599 2837 677 2910 socii,
689 2842 718 2894 et
730 2852 803 2891 nora
813 2832 912 2904 prelia.
920 2834 1040 2888 tentant,
1077 2833 1132 2881 ‘aab
