2700 3242
516 306 719 361 onouomou
738 306 806 360 LIB.
825 308 847 361 1.

260 406 311 473 Ire,
324 423 411 474 neque
423 423 440 458 a
452 423 522 458 serra
534 413 640 459 moneat
653 407 798 459 convellere
810 409 910 461 funem.

258 477 297 526 At
310 476 340 542 si,
353 492 436 543 quum
448 476 597 542 referetque
609 476 680 527 diem
691 477 837 544 condetque
849 479 971 545 relatum,

259 544 378 596 Lucidus
390 545 459 595 orbis
472 545 541 608 erit余
558 545 657 596 frustra
669 545 799 596 terrebere
811 546 915 613 nimbis,

258 613 296 665 Et
308 613 380 665 claro
392 613 471 665 silvas
484 630 574 665 cernes
585 615 715 682 Aquilone
726 616 832 668 moveri.

258 681 389 749 Denique,
402 682 467 749 quid
479 699 571 750 vesper
583 699 654 734 serus
666 683 754 748 vehat,
766 683 838 734 unde
850 699 953 736 serenus

259 750 364 803 Ventus
376 757 439 818 agat
451 751 542 818 nubes,
555 750 619 819 quid
632 751 730 818 cogitet
742 751 868 803 humidus
882 753 987 820 Auster,

258 819 303 872 Sol
317 819 367 871 tibi
380 821 456 886 signa
468 820 550 873 dabit.
580 818 666 872 Solem
678 821 737 887 quis
749 820 835 872 dicere
847 821 945 873 falsum

257 888 366 940 Audeat
376 887 386 940 l
403 889 450 941 ille
462 889 543 941 etism
555 904 635 940 cacos
646 888 746 941 instare
757 890 890 941 tumultus

257 956 334 1026 Saepe
345 964 444 1025 monet,
455 958 628 1025 fraudemque
640 962 668 1009 et
680 963 772 1025 operta
783 964 926 1011 tumescere
939 959 1015 1013 bella.

258 1025 310 1078 Ille
322 1027 405 1078 etiam
417 1028 548 1079 exstincto
559 1027 700 1078 miseratus
713 1027 811 1079 Caesere
824 1028 951 1082 Romam:

259 1095 350 1159 Quum
363 1102 444 1162 caput
457 1096 566 1148 obscura
577 1095 695 1147 nitidum
706 1096 840 1163 ferrugine
852 1098 928 1164 texit,

258 1163 400 1232 Impiaque
411 1171 537 1217 aternam
548 1165 698 1217 timuerunt
709 1165 804 1218 saecula
816 1172 926 1218 noctem

258 1232 386 1301 Tempore
398 1251 559 1303 quamquam
570 1234 616 1286 illo
628 1234 709 1286 tellus
721 1252 831 1303 quoque,
844 1241 871 1287 et
883 1252 986 1304 aequora
998 1236 1080 1305 ponti,

259 1301 424 1370 Obscenique
436 1320 521 1371 cenes,
533 1304 743 1371 importunaque
754 1304 872 1356 volucres
1053 1308 1106 1358 470

258 1369 343 1438 Signa
354 1372 460 1425 dabant.
491 1372 599 1437 Quoties
611 1372 756 1440 Cyclopum
768 1373 890 1424 ell'ervere
903 1373 931 1424 in
943 1390 1019 1441 agros

259 1439 383 1492 Vidimus
396 1441 542 1494 undantem
553 1442 640 1510 ruptis
652 1442 803 1494 fornacibus
814 1441 932 1508 AEtnam,

259 1508 491 1579 Flammarumque
502 1511 592 1579 globos
604 1511 799 1580 liquefactaque
811 1512 915 1564 volvere
928 1515 1004 1565 sexa!

258 1579 400 1630 Armorum
412 1580 527 1632 sonitum
539 1586 595 1632 toto
608 1581 749 1633 Germania
760 1581 824 1632 coelo

258 1647 372 1712 Audiit余
389 1649 502 1701 insolitis
514 1655 681 1702 tremuenmt
692 1650 807 1701 motibus
820 1649 907 1718 Alpes.

259 1716 319 1769 Vox
331 1734 435 1786 quoque
447 1736 494 1786 per
505 1718 578 1771 lucos
590 1719 670 1785 vulgo
683 1719 809 1771 exaudita
821 1719 927 1771 silentes

259 1785 375 1853 Ingens3
393 1792 421 1838 et
432 1788 572 1841 simulacra
583 1789 667 1840 modis
680 1788 808 1856 pallentia
818 1788 892 1839 miris

259 1853 324 1908 Visa
335 1855 384 1907 sub
396 1856 535 1909 obscurum
547 1858 649 1920 noctis3
667 1857 832 1925 pecudesque
843 1858 938 1909 locutae
948 1874 955 1919 余

258 1922 421 1977 Infandum!
441 1926 539 1978 sistunt
551 1943 648 1992 amnes,
661 1932 788 1994 terraeque
801 1926 948 1991 dehiscunt,

257 1991 294 2044 Et
305 1999 428 2045 maestum
439 1994 581 2047 illacrimat
593 1994 699 2063 templis
712 1995 782 2060 ebur,
796 2011 900 2062 ueraque
913 1994 1017 2049 sudant.
1051 1998 1103 2048 480

257 2059 362 2114 Proluit
373 2063 465 2115 insano
477 2068 650 2131 contorquens
662 2064 760 2116 vertice
773 2064 851 2116 silvas

258 2129 413 2183 Fluviorum
424 2149 471 2184 rex
484 2133 622 2198 Eridanus,
635 2150 792 2201 camposque
803 2150 850 2202 per
862 2149 951 2184 omnes

258 2197 324 2250 Oum
337 2199 447 2252 stabulis
459 2207 580 2254 armenta
592 2202 662 2254 tulit.
693 2203 718 2254 N
720 2220 749 2254 ec
762 2207 878 2270 tempore
890 2202 981 2253 eodem

256 2267 387 2321 Tristibus
399 2274 446 2321 aut
459 2270 527 2321 extis
539 2270 610 2323 fibrae
622 2288 747 2339 apparere
759 2272 881 2336 minaces,

255 2336 313 2389 Aut
324 2337 412 2406 puteis
424 2355 530 2391 manare
543 2356 619 2390 cruor
631 2340 759 2402 cesserim
777 2346 804 2391 et
816 2340 876 2391 oltae

256 2403 307 2458 Per
318 2413 423 2458 noctem
435 2424 554 2460 resonare
566 2407 636 2476 lupis
648 2408 814 2460 ululantibus
827 2408 911 2460 urbes.

255 2473 282 2527 N
282 2492 316 2526 on
328 2475 394 2528 alias
407 2476 470 2528 coelo
483 2477 633 2528 ceciderunt
645 2477 723 2545 plura
735 2494 824 2529 sereno

256 2542 393 2610 Fulgura3
410 2562 458 2597 nec
471 2546 522 2597 diri
533 2546 611 2597 toties
623 2563 709 2598 arsere
722 2553 835 2599 cometae.

255 2611 325 2679 Ergo
337 2613 408 2664 inter
420 2631 474 2666 sese
486 2614 592 2682 peribus
605 2632 757 2666 concurrere
770 2615 829 2667 telis

256 2680 389 2733 Romanas
400 2682 468 2734 acies
480 2684 579 2735 iterum
591 2684 680 2737 videre
693 2684 828 2753 Philippi余
1049 2688 1100 2737 490

254 2747 281 2802 N
282 2766 311 2801 ee
322 2749 377 2826 fuit
386 2750 524 2816 indignum
536 2753 647 2825 superis,
662 2753 702 2809 bis
716 2756 848 2830 sauguine
860 2762 954 2814 nostro

243 2816 395 2865 Emathi&
407 2822 434 2868 et
442 2817 514 2872 latos
524 2820 618 2881 Haelm'
632 2828 819 2905 PanUQSCQXQ
830 2851 956 2909 eampqq,
