2700 3242
398 313 566 367 AENEIDOS
584 314 653 368 LIB.
672 315 704 369 V.

226 430 266 466 see
279 419 376 481 cautes,
384 420 412 466 et
425 419 504 467 acuto
516 415 544 466 in
557 417 658 468 murice
669 417 737 468 remi

226 526 228 534 ,
241 500 372 552 crepuere,
384 484 507 551 illisaque
519 502 596 552 prore
607 485 742 553 pependit.

226 560 300 620 gimt
311 560 408 619 nautae,
421 559 448 605 et
460 571 556 620 magno
569 555 682 606 clamore
693 559 848 606 moranturt

226 639 303 690 usque
316 623 406 674 trudes
419 629 446 674 ct
458 630 537 675 acuta
549 624 657 691 cuspide
670 630 760 675 contos

226 691 292 757 iunt‚
304 691 452 759 fractosque
464 691 558 759 legunt
570 693 598 744 in
611 693 717 760 gurgite
728 709 820 747 remos.

226 777 256 812 us
269 760 431 827 Mnestheus,
445 778 616 829 successuque
629 763 713 814 acrior
724 762 788 830 ipso,
924 763 976 812 210

226 847 244 881 ‚c
255 846 388 882 remorum
400 830 486 897 celeri,
499 831 637 899 ventisque
649 832 759 897 vocatis,

227 898 297 967 petit
308 899 399 966 maria,
413 905 440 951 et
452 900 544 967 pelago
557 900 674 952 decurrit
686 906 785 968 aperto.

235 968 361 1036 spelunca
373 968 461 1020 subito
473 976 602 1020 commota
615 969 744 1035 columbe,

225 1054 285 1089 mus
297 1044 324 1089 et
336 1037 426 1089 dulces
438 1037 567 1090 latebroso
579 1039 607 1089 in
621 1039 726 1107 pumice
738 1038 802 1104 nidi,

238 1107 267 1157 in
279 1123 343 1159 arva
355 1107 453 1174 volans,
466 1107 641 1175 plausumque
654 1109 781 1159 exterrita
791 1106 886 1176 pennis

226 1181 267 1227 cto
279 1175 415 1243 ingentem
425 1195 432 1240 ;
450 1194 512 1228 mox
524 1179 585 1229 edre
597 1177 672 1244 lapsa
684 1177 773 1244 quieto

226 1245 277 1297 iter
287 1244 426 1313 liquidum,
439 1245 534 1298 celeres
546 1263 631 1313 neque
644 1250 790 1297 commovet
802 1245 873 1297 alas:

226 1314 350 1380 mithreus,
364 1315 401 1367 sio
414 1315 471 1383 ipsa
482 1316 547 1382 fuga
560 1321 630 1367 secat
642 1314 739 1367 ultima
751 1313 844 1365 Pristis

226 1400 254 1450 a,
268 1383 305 1435 sio
317 1384 391 1436 illam
403 1385 456 1436 fert
468 1385 582 1453 impetus
594 1385 651 1453 ipse
663 1384 803 1436 volantem

226 1469 295 1504 mum
307 1453 335 1504 in
348 1453 454 1521 scopulo
466 1454 614 1506 luctantem
627 1454 723 1505 deserit
735 1453 790 1505 alto
925 1453 977 1503 220

226 1527 284 1573 tum
296 1522 469 1590 brevibusque
482 1524 564 1590 vedis,
576 1525 728 1589 frustraque
740 1528 878 1574 vocantem

226 1609 250 1658 a,
263 1596 290 1643 et
301 1592 392 1644 fractis
404 1592 548 1644 discentem
562 1609 664 1644 currere
676 1592 762 1644 remis.

226 1662 288 1728 lyon
299 1660 435 1729 ipsamque
447 1662 551 1728 ingenti
562 1662 630 1714 mole
644 1662 799 1713 Chimaeram

226 1729 321 1798 quitum
339 1731 416 1797 cedit,
429 1731 553 1799 quoniam
566 1731 678 1799 spoliata
689 1730 814 1796 magistro
827 1735 874 1783 est.

226 1801 327 1866 iamque
339 1800 395 1868 ipso
408 1807 525 1868 superest
538 1802 567 1852 in
579 1801 631 1852 fine
644 1801 795 1866 Cloanthus,

230 1869 307 1937 petit,
320 1875 347 1922 et
359 1870 467 1921 summis
480 1871 594 1922 adnixus
608 1869 708 1922 viribus
720 1875 805 1936 urget.

226 1954 274 1989 'ero
286 1938 433 2004 ingeminet
445 1939 550 2005 clamor,
563 1939 705 2006 cunctique
718 1945 870 2006 sequentem

226 2011 268 2059 snt
281 2007 382 2074 studiis,
394 2015 549 2076 resonatque
561 2008 709 2075 fragoribus
721 2007 810 2060 oether.

226 2076 319 2145 »prium
332 2077 411 2128 decus
424 2084 451 2129 et
463 2084 569 2145 partum
581 2078 757 2145 indignantur
769 2078 894 2128 honorem

226 2151 296 2212 eant,
310 2147 444 2213 vitamque
456 2146 549 2198 volunt
562 2165 608 2215 pro
621 2147 699 2199 laude
712 2146 823 2214 pacisci3
927 2146 979 2196 230

226 2231 336 2267 secessus
348 2216 412 2267 alit:
431 2222 548 2284 possunt,
561 2217 624 2284 quia
636 2233 710 2285 posse
722 2216 853 2267 videntur.

226 2301 234 2336 s
247 2285 358 2352 aequatis
370 2285 499 2352 cepissent
511 2286 619 2354 praemie
630 2285 728 2351 rostris,

226 2371 284 2406 mas
295 2360 376 2423 ponto
388 2355 498 2406 tendens
510 2361 636 2422 utrasque
650 2353 794 2407 Cloanthus

226 2429 311 2490 fletque
322 2441 418 2502 preces,
432 2425 557 2491 divosque
570 2425 598 2476 in
611 2432 672 2477 vota
685 2428 816 2476 vocasset:

226 2490 312 2555 'uibus
324 2493 463 2558 1mperiu1n
476 2498 515 2543 est
528 2492 622 2559 pelagi,
635 2509 747 2559 quorum
760 2507 863 2558 aequora
875 2506 957 2554 curro,

228 2559 306 2611 laetus
319 2576 366 2626 ego
379 2559 427 2610 hoc
440 2560 596 2612 candentem
608 2561 637 2611 in
650 2560 726 2611 litore
738 2565 847 2610 taurum

226 2635 300 2681 tuam
313 2635 375 2680 ante
384 2646 450 2694 aras,
462 2631 595 2694 rotimus,
609 2635 723 2696 extaque
735 2628 815 2680 salsos

226 2698 280 2750 ism
291 2697 320 2749 in
332 2698 436 2764 fluctus,
449 2704 476 2749 et
488 2699 551 2749 vina
562 2698 693 2767 liquentia
704 2694 836 2752 fundam?

233 2783 293 2818 eum
314 2784 345 2818 ue
355 2766 417 2820 imis
429 2767 478 2821 sub
491 2767 621 2826 fluctibus
633 2769 728 2827 audiit
738 2768 830 2825 omnis

226 2834 273 2888 'run
304 2835 437 2910 horcique
448 2841 560 2920 chorus,
568 2845 765 2923 Panopesque
773 2843 881 2915 uisset
967 2829 1029 2883 Ἣ)
