2700 3242
282 301 334 354 ste
514 299 543 353 P.
562 299 717 354 vluelnn
735 295 896 350 MARONIS

282 397 365 450 Nulla
375 397 440 450 meis
453 398 509 451 sine
520 404 548 451 te
560 404 694 466 queretur
706 395 789 464 glorie
800 395 878 446 rebus
889 412 896 458 3

282 465 335 518 Seu
347 484 438 535 pacem
450 484 496 519 seu
508 467 578 520 bella
589 484 697 535 gerem3
716 465 767 517 tibi
777 464 895 516 maxima
905 478 995 514 rerum

284 536 478 604 Verborumque
491 535 582 587 fidee.”
619 534 717 586 Contra
728 550 806 600 quem
819 532 884 583 talia
894 531 968 584 fatur
1077 530 1129 581 280

280 603 426 670 Euryalus:
445 604 514 655 “Me
526 603 601 655 nulla
614 603 668 654 dies
681 610 738 654 tum
749 601 860 652 fortibus
872 603 942 653 ausis

282 669 442 723 Dissimilem
454 673 571 738 arguerit
582 691 589 735 ;
607 671 855 722 tantum-fortuna
867 668 983 721 secunde

283 741 361 793 Aut·
375 741 483 792 adversa
495 740 579 792 cadet.
615 738 665 790 Sed
679 750 705 790 te
718 756 796 806 super
807 740 895 791 omnia
906 739 976 792 done

282 805 373 858 Unum
385 823 446 859 oro:
464 807 585 874 genetrix
598 806 696 858 Priami
709 806 741 857 de
754 813 833 872 gente
845 813 952 858 vetusta

283 874 331 926 Est
342 875 415 941 mihi,
429 891 508 943 quum
519 877 641 928 miseram
654 876 742 927 tenuit
753 892 807 926 non
820 875 871 926 flia
882 874 962 926 tellus

282 942 389 996 Mecum
401 945 578 1011 excedentem,
591 962 644 996 non
656 945 753 996 moenia
765 944 834 1010 regis
846 944 955 996 Acestae.

282 1011 361 1065 Hanc
372 1030 419 1080 ego
431 1030 503 1065 nunc
515 1014 635 1080 ignaram
646 1013 727 1081 hujus
740 1013 923 1080 quodcumque
934 1012 1028 1081 pericli
1040 1019 1081 1065 eet

281 1081 366 1150 Inque
379 1082 521 1134 salutatam
534 1083 624 1150 linquo
635 1101 642 1145 ;
660 1083 721 1133 Nox
733 1088 761 1134 et
773 1089 821 1134 tua
833 1082 908 1133 testis

281 1150 404 1217 Dextera,
417 1151 486 1219 quod
499 1168 627 1219 nequeam
639 1151 761 1203 lacrimas
773 1151 887 1219 perferre
899 1151 1025 1218 parentis.

281 1219 318 1271 At
331 1226 368 1284 tu,
381 1237 433 1286 oro,
445 1220 527 1272 solare
539 1221 651 1288 inopem,
664 1226 691 1271 et
703 1237 824 1272 succurre
836 1220 942 1272 relictae.
1075 1223 1126 1273 290

282 1287 359 1340 Hanc
372 1290 428 1341 eine
439 1307 482 1341 me
494 1307 566 1379 spem
579 1291 646 1341 ferre
658 1289 716 1341 tui:
735 1289 873 1340 audentior
885 1289 928 1340 ibo

280 1355 315 1407 In
328 1374 402 1408 casus
415 1359 527 1410 omnes’
564 1355 689 1408 Percussa
701 1362 790 1408 mente
802 1356 972 1407 dederunt”

280 1421 439 1474 Dardanidae
451 1424 571 1476 lacrimas
582 1443 589 1487 ;
607 1431 668 1476 ente
681 1442 770 1476 omnes
782 1424 892 1492 pulcher
904 1425 998 1489 Iulue;

280 1489 367 1558 Atque
379 1492 498 1543 animum
510 1494 601 1561 patria
613 1494 721 1545 strinxit
734 1494 840 1562 pietatis
852 1495 947 1562 imago.

280 1559 346 1610 'lum
360 1560 396 1611 sic
409 1561 519 1613 effatur:

281 1625 424 1691 “Spondeo
436 1626 517 1693 digna
529 1629 583 1680 tuis
595 1630 747 1698 ingentibus
759 1627 847 1681 omnia
859 1629 959 1696 coeptie.

278 1692 396 1760 Namque
409 1694 459 1746 erit
472 1695 522 1747 iste
534 1696 599 1746 mihi
612 1697 740 1762 genetrix,
753 1714 900 1765 nomenque
912 1698 1017 1751 Creiisoe

278 1760 368 1812 Solum
380 1763 500 1830 defuerit,
513 1782 561 1816 nec
573 1771 680 1832 partum
691 1766 778 1832 gratia
790 1766 871 1817 talem

278 1828 363 1883 Parva
375 1840 471 1885 manet.
508 1833 587 1885 Casus
599 1835 701 1885 factum
713 1835 872 1903 quicumque
885 1844 1049 1903 sequuntur:

278 1898 327 1949 Per
340 1908 420 1967 caput
432 1902 480 1953 hoc
489 1903 558 1969 juro,
571 1920 616 1970 per
629 1904 699 1970 quod
712 1911 787 1970 pater
799 1912 861 1956 ente
873 1905 989 1959 solebat:
1072 1909 1122 1959 300

278 1968 342 2031 Quae
355 1969 404 2020 tibi
417 1970 539 2037 polliceor
551 1972 648 2035 reduci,
661 1971 790 2040 rebusque
803 1973 932 2039 secundis,

277 2036 343 2090 Haec
357 2039 447 2090 eadem
460 2040 590 2107 matrique
603 2050 656 2092 tuae
669 2043 812 2108 generique
824 2042 994 2097 manebunt?

276 2105 318 2158 Sic
331 2107 369 2158 ait
382 2108 541 2160 illacrimans
552 2129 558 2172 ;
577 2111 685 2162 humero
698 2111 776 2162 simul
789 2112 864 2163 exuit
877 2129 966 2164 ensem

276 2175 414 2243 Auratum,
427 2178 494 2229 mira
507 2195 585 2244 quem
598 2179 696 2231 fecerat
708 2188 765 2231 arte
779 2181 883 2248 Lycaon

276 2245 387 2296 Gnosius
399 2253 479 2314 atque
491 2247 606 2298 hahilem
619 2249 716 2315 vagina
728 2257 833 2316 aptarat
846 2250 963 2303 eburna:

276 2312 328 2365 Dat
341 2315 365 2365 N
367 2316 404 2366 iso
417 2315 571 2368 Mnestheus
583 2317 679 2384 pellem
692 2319 877 2386 horrentesque
889 2319 972 2371 leonis

277 2381 392 2435 Exuvias
404 2403 409 2446 ;
428 2384 530 2451 galeam
543 2386 611 2436 fidus
624 2394 758 2454 permutat
771 2388 867 2440 Aletes.

278 2451 402 2504 Protenus
415 2455 510 2505 annoti
523 2455 666 2508 incedunt:
686 2474 749 2523 quos
762 2458 845 2508 omnis
858 2462 950 2509 euntes

277 2520 420 2572 Primorum
433 2525 571 2575 manased
586 2533 672 2591 portas
681 2527 863 2593 juvenumque
876 2544 1021 2594 seuumque

277 2589 442 2657 Prosequitur
455 2594 528 2644 votis.
564 2593 619 2644 Nec
632 2612 684 2645 non
697 2602 723 2646 ct
736 2596 845 2662 pulcher
859 2595 941 2659 Iulus,
1068 2601 1119 2651 310

275 2658 343 2709 Ante
356 2677 437 2711 annos
450 2662 619 2727 animumque
632 2681 723 2729 gerens
736 2681 879 2732 eurumque
891 2665 1002 2732 virilem,

262 2728 355 2784 Multa
365 2731 440 2803 patri
452 2732 586 2805 portenda
599 2731 679 2786 dabat
689 2734 822 2785 mandate.
857 2734 908 2786 Sed
920 2751 993 2788 eurae

251 2800 354 2861 Omnia
367 2805 540 2882 discerpunt,
554 2813 584 2864 et
597 2805 718 2862 nuhihus
726 2804 806 2858 irrita
816 2803 923 2854 donent.

545 2901 557 2926 e
574 2900 635 2939 haud
742 2896 773 2919 θ·
788 2889 863 2927 dedere
