2700 3242
512 283 716 338 ouonolcou
735 283 803 336 LIB.
823 282 858 335 11.

260 385 404 440 Arboribus
415 386 508 456 positis
520 393 591 438 secto
602 386 647 438 ria
658 385 744 438 limite
755 385 874 453 quadret.

260 456 298 508 Ut
310 473 380 525 saepe
391 455 495 522 ingenti
506 454 575 506 bello
587 472 670 522 quum
682 454 761 521 longa
773 454 890 506 cohortes

260 524 399 593 Explicuit
410 525 488 591 legio,
500 531 528 576 et
539 541 632 591 campo
645 523 721 576 stetit
732 540 831 602 agmen
839 527 939 591 aperto,
1054 523 1087 570 28

260 592 426 662 Directaeque
438 594 515 658 aoies‚
527 609 558 644 ac
569 592 624 644 late
635 592 750 644 fluctuat
761 609 846 643 omms

259 661 324 714 AEre
334 662 468 715 renidenti
481 661 567 728 telius,
579 660 704 713 necdum
716 661 822 712 horrida
832 660 944 711 miscent

260 729 365 797 Proelia,
377 731 422 783 sed
434 730 531 782 dubius
542 730 635 782 mediis
647 729 720 782 Mars
732 735 802 782 errat
814 729 843 780 in
854 728 947 781 armis:

261 799 356 852 Omnia
368 800 422 851 sint
433 798 541 868 paribus
552 799 667 850 numeris
681 799 799 851 dimensa
810 799 927 860 viarum

259 867 320 920 Non
331 869 452 921 animum
463 868 540 920 modo
551 868 593 920 uti
605 872 696 936 pascat
708 873 859 936 prospectus
871 867 983 930 inanem,

259 935 310 989 Sed
322 937 386 1005 quia
397 954 451 989 non
463 936 541 989 aliter
552 937 620 990 vires
632 936 707 989 dabit
718 937 839 988 omnibus
851 953 939 1004 aequas

259 1004 345 1072 Terra,
357 1023 444 1074 neque
455 1006 484 1057 in
496 1022 610 1058 vacuum
621 1011 747 1074 poterunt
759 1022 786 1058 se
798 1006 938 1058 extendere
951 1003 1023 1055 rami.

293 1074 416 1128 Forsitan
427 1080 462 1142 et,
475 1074 607 1127 scrobibus
619 1091 678 1143 quae
691 1076 744 1126 sint
756 1075 869 1142 fastigia,
882 1091 990 1142 quaeras.

257 1142 352 1195 Ausim
363 1143 407 1196 vel
418 1143 495 1196 tenui
506 1144 587 1196 vitem
599 1144 762 1196 committere
774 1144 861 1208 suloo;

258 1211 344 1264 Altior
355 1229 387 1265 ae
399 1213 506 1281 penitus
517 1219 594 1264 terrae
605 1213 731 1280 defigitur
742 1213 831 1265 arbos:
1050 1212 1103 1263 290

257 1279 381 1333 AEsculus
392 1281 421 1332 in
433 1280 532 1349 primis,
544 1298 611 1349 quae,
623 1288 755 1348 quantum
766 1282 863 1334 vertice
875 1281 909 1332 ad
921 1297 998 1334 suras

257 1348 399 1416 AEtheriss,
411 1355 518 1402 tantum
529 1350 615 1401 radice
627 1351 655 1401 in
668 1350 778 1403 Tartara
790 1350 882 1402 tendit.

256 1416 327 1486 Ergo
338 1436 392 1470 non
404 1418 503 1470 hiemes
515 1419 596 1485 illam,
608 1436 661 1470 non
673 1419 763 1486 flabra,
775 1436 861 1487 neque
872 1417 968 1470 imbres

257 1486 434 1551 Convellunt;
451 1487 561 1540 immota
572 1494 669 1554 manet,
681 1488 830 1557 multosque
843 1498 951 1556 nepotes

257 1554 346 1609 Multa
357 1556 446 1610 virilm
457 1556 563 1609 volvens
575 1557 695 1608 durando
708 1557 803 1609 saecula
815 1557 905 1610 vincit.

256 1623 324 1678 Tum
335 1626 419 1692 fortis,
431 1625 485 1678 late
496 1643 581 1678 ramos
594 1632 621 1678 et
632 1624 740 1677 brachia
752 1627 861 1678 tendens

257 1691 318 1747 Huc
329 1694 401 1759 illuc,
413 1695 501 1746 medie
512 1695 569 1762 ipsa
580 1695 716 1762 ingentem
729 1695 840 1748 sustinet
852 1695 978 1748 umbram.

289 1763 363 1817 Neve
375 1763 426 1816 tibi
436 1763 471 1816 ad
483 1763 563 1815 solem
575 1770 687 1830 vergant
698 1764 787 1816 vineta
799 1765 936 1817 cadentem
947 1785 953 1828 ;

255 1829 328 1887 Neve
339 1833 411 1884 inter
421 1832 489 1886 vites
502 1832 620 1884 cerulum
632 1850 707 1896 sere;
724 1833 820 1886 nevefl
855 1835 908 1887 ella

255 1899 363 1954 Summa
374 1907 435 1970 pete
447 1906 495 1953 aut
508 1917 610 1953 summa
621 1902 754 1969 destringe
766 1920 800 1954 ex
812 1920 841 1954 ar
873 1921 902 1956 re
912 1904 1033 1972 plantem
1045 1905 1098 1957 200

256 1969 356 2023 Tantus
368 1987 441 2023 amor
452 1976 528 2022 terra
538 1988 546 2033 ;
563 1987 616 2022 neu
628 1970 696 2023 ferro
708 1970 774 2023 laede
785 1978 873 2024 retuso

260 2037 377 2104 3emina;
394 2056 460 2092 neve
472 2038 535 2091 oleae
547 2039 672 2092 silvestris
684 2040 768 2092 insere
777 2047 889 2094 truncos.

265 2108 322 2161 iam
334 2125 404 2177 sape
415 2108 530 2160 incautis
542 2108 690 2176 pastoribus
702 2110 801 2162 excidit
812 2111 889 2177 ignis,

269 2177 312 2244 tui,
324 2177 419 2230 furtim
431 2177 525 2245 pingui
536 2178 652 2245 primum
663 2175 712 2230 sub
724 2180 819 2232 cortice
832 2185 925 2246 tectus,

275 2245 356 2299 obora
367 2247 537 2314 comprendit,
549 2247 705 2315 frondesque
717 2247 821 2316 elapsus
832 2248 861 2299 in
873 2249 940 2300 altas

279 2321 393 2384 tgentem
405 2315 470 2367 coelo
481 2316 597 2368 sonitum
609 2316 683 2368 dedit
690 2335 697 2380 ;
715 2317 776 2368 inde
789 2323 893 2369 secutus

283 2402 301 2436 u·
311 2401 398 2437 ramos
410 2384 494 2437 victor
505 2402 603 2453 perque
614 2385 669 2437 alta
681 2387 818 2438 cacumina
829 2393 930 2452 regnat,

296 2459 385 2507 totum
397 2453 509 2506 involvit
520 2453 632 2505 flammis
644 2472 744 2521 nemus,
757 2461 784 2507 et
795 2455 850 2507 ruit
862 2463 947 2508 atram

304 2523 401 2575 coelum
413 2522 488 2591 picea
499 2540 600 2575 crassus
613 2523 725 2590 ealigine
737 2524 850 2578 nubem:

296 2592 400 2645 ssertim
412 2592 435 2643 si
446 2597 587 2660 tempestas
599 2610 615 2643 a
627 2593 725 2645 vertice
737 2593 809 2644 silvis
1042 2599 1095 2651 ³10

301 2661 384 2727 ubuit,
396 2661 575 2728 glomeratque
587 2662 672 2713 ferens
685 2662 807 2714 incendia
818 2669 920 2715 ventus.

318 2729 373 2796 ubi,
385 2747 437 2782 non
448 2747 466 2782 a
476 2731 558 2801 stirpe
572 2730 668 2801 valent,
682 2752 813 2811 caesaque
823 2735 928 2795 reuerti

657 2824 676 2864 n
