2700 3242
291 315 343 366 258
525 311 555 367 P.
567 309 723 366 VInolnn
741 308 904 364 Minurus

289 415 357 467 Tum
368 431 416 467 rex
426 413 577 480 Evandrus,
590 413 714 466 Romana
726 411 846 464 conditor
857 412 941 465 arcis:

290 488 305 517 ‘⁴
314 487 379 539 Haec
391 503 498 539 nemora
509 485 641 551 indigenae
655 484 741 536 Fauni
754 485 777 536 N
826 485 938 554 phoeque
951 483 1019 539 tenel

290 552 411 621 Gensque
423 553 510 605 virum
523 551 624 604 truncis
635 558 663 604 et
675 551 741 603 duro
752 569 781 603 ro
814 568 842 603 re
853 557 933 604 nata:

290 621 370 686 Queis
381 639 467 690 neque
479 638 535 674 mos
546 638 630 688 neque
643 621 731 672 cultus
744 626 801 672 erat
812 638 820 684 ;
837 637 886 673 neo
894 623 1009 688 jungere

288 690 344 743 Aut
357 708 510 770 componere
522 707 583 759 opes
595 694 697 756 norant,
710 695 758 740 aut
770 706 876 756 parcere
888 695 980 757 parto:

289 758 341 811 sed
353 776 420 810 ramr
432 765 513 827 atque
526 775 601 827 asper
612 759 687 811 victu
699 764 811 811 venatus
823 757 917 811 alebat.

289 826 394 881 Primus
406 828 440 881 ab
452 829 559 880 aetherio
572 827 645 880 venit
657 827 787 879 Saturnus
800 826 919 895 Olympo,

287 896 369 950 Arma
381 898 456 951 Jovis
467 898 572 965 fugiens
584 901 611 948 et
623 897 711 963 regnis
723 896 800 948 exsul
811 896 930 949 ademtis

288 964 315 1018 Is
327 984 410 1034 genus
422 966 534 1018 indocile
547 982 577 1017 ac
589 965 736 1085 dispersum
748 964 882 1017 montibus
894 965 957 1016 altis

288 1035 447 1104 Composuit,
459 1035 580 1103 legesque
593 1034 625 1086 de
644 1034 673 1099 it,
686 1034 844 1102 Latiumque
857 1034 943 1086 vocari

287 1102 393 1171 Maluit,
406 1104 447 1156 his
459 1105 583 1173 quoniam
595 1103 717 1155 latuisset
729 1108 804 1154 tutus
816 1103 844 1154 in
857 1103 915 1155 oris.

287 1173 375 1226 Aurea
387 1191 446 1241 quae
458 1172 604 1242 perhibent,
617 1172 663 1224 illo
675 1171 724 1238 sub
736 1189 797 1240 rege
808 1173 917 1224 firerunt

287 1241 389 1295 Saecula
401 1260 407 1295 τ
426 1242 463 1294 sic
475 1242 579 1310 placida
591 1241 701 1310 populos
713 1241 742 1292 in
754 1258 819 1309 pace
831 1241 938 1309 regebat
951 1259 958 1305 ;

286 1309 406 1363 Deterior
418 1312 500 1363 donec
513 1311 643 1379 paulatim
654 1327 686 1362 ao
698 1310 801 1362 decolor
813 1316 876 1362 retas

287 1379 323 1432 Et
335 1380 398 1432 belli
409 1380 495 1432 rabies
507 1386 533 1432 et
545 1396 618 1432 amor
630 1380 753 1431 successit
765 1378 886 1431 habendi

286 1448 355 1500 Tum
365 1466 459 1502 manus
471 1449 588 1501 Ausonia
600 1453 627 1500 et
639 1454 731 1516 gentes
743 1465 836 1500 venere
848 1448 967 1511 Sicanoe3

285 1517 387 1586 Saepius
400 1524 427 1570 et
438 1535 534 1570 nomen
546 1519 634 1586 posuit
646 1517 771 1570 Saturnia
783 1517 869 1570 tellus.

285 1586 354 1639 Tum
365 1605 446 1656 reges,
459 1604 585 1655 asperque
598 1587 708 1638 immani
720 1603 825 1654 corpore
838 1585 959 1653 Thybris,

284 1656 309 1708 A
321 1674 373 1724 quo
385 1662 443 1724 post
457 1656 519 1708 Itali
531 1657 643 1709 fluvium
655 1657 809 1722 cognomine
821 1655 948 1723 Thybrim

284 1724 408 1777 Diximus
420 1744 427 1788 ;
445 1726 534 1776 amisit
546 1743 637 1777 verum
650 1731 726 1777 vetus
738 1724 837 1777 Albula
848 1741 951 1776 nomem

284 1793 329 1846 Me
341 1794 448 1863 pulsum
459 1795 553 1861 patria,
566 1794 706 1863 pelagique
718 1800 836 1845 extrema
848 1800 1008 1861 sequentem,

284 1861 403 1916 Fortuna
415 1865 579 1932 omnipotens
592 1870 618 1915 et
631 1863 800 1915 ineluctabile
812 1864 899 1914 iatum

283 1931 334 1984 His
346 1950 455 2001 posuere
467 1933 530 1985 locis
542 1951 549 1997 ;
567 1933 711 2000 matrisque
724 1949 799 2000 egere
811 1932 948 1983 tremenda

283 2001 428 2054 Carmentis
442 2002 565 2070 nymphae
577 2002 686 2063 monita,
698 2008 725 2053 et
737 2002 801 2053 deus
813 2007 905 2052 auctor
917 2001 1019 2069 Apollo.

283 2069 336 2122 Vix
348 2088 380 2123 ea
391 2072 462 2123 dicta
475 2091 481 2131 ;
500 2071 594 2122 dehinc
606 2088 756 2138 progressus
768 2076 897 2122 monstrat
909 2077 936 2122 et
948 2087 1019 2121 aram

281 2139 318 2192 Et
331 2140 521 2192 Carmentalem
535 2140 651 2192 Romano
663 2141 768 2191 nomine
781 2147 884 2207 portam

282 2209 367 2270 Quam
379 2216 532 2275 memorant,
545 2209 669 2276 nymphae
681 2209 797 2276 priscum
810 2208 955 2260 Carmentis
967 2208 1019 2260 hon

281 2276 357 2330 Vatis
369 2280 503 2331 fatidicae:
522 2278 616 2330 cecinit
630 2294 688 2344 quae
700 2279 785 2346 prima
796 2279 900 2330 futuros

279 2347 411 2400 AEneadas
423 2365 531 2415 magnos
544 2354 571 2400 et
583 2347 669 2399 nobile
682 2347 857 2400 Pallanteum.

279 2415 352 2469 Hinc
363 2418 454 2469 lucum
466 2418 609 2485 ingentem,
622 2433 700 2484 quem
714 2416 841 2468 Romulus
853 2434 914 2470 acer
925 2415 1019 2485 Asylru

280 2485 390 2553 Retulit,
403 2493 430 2539 et
443 2487 530 2554 gelida
541 2493 670 2538 monstrat
684 2486 732 2537 sub
743 2503 809 2554 rupe
822 2487 958 2554 Lupercal,

278 2554 416 2608 Parrhasio
430 2556 532 2608 dictum
544 2556 629 2607 Panos
642 2555 674 2606 de
686 2573 757 2606 more
770 2555 863 2622 Lycaei.

276 2623 303 2675 N
304 2642 332 2676 ec
345 2641 398 2676 non
410 2630 437 2677 et
450 2626 516 2677 sacri
527 2631 656 2676 monstrat
669 2642 762 2676 nemus
775 2625 896 2691 Argileti,

269 2689 398 2748 Testatur
416 2711 449 2750 ue
461 2694 557 2766 locum,
570 2699 597 2748 et
609 2695 693 2747 letum
706 2695 781 2746 docet
793 2694 904 2762 hospitis
917 2693 990 2762 Argi.

254 2762 335 2822 Hinc
347 2767 384 2823 ad
397 2712 546 2844 llarpciam
559 2767 651 2824 sedem
662 2770 692 2820 et
701 2763 831 2834 llap'rtoha
840 2763 923 2826 (lucit,

238 2835 342 2898 Aurea
354 2860 444 2916 nunc,
459 2845 532 2902 olim
544 2840 722 2901 silvestribus
728 2835 842 2891 hornia
851 2831 946 2882 hunnis.
