2700 3242
279 309 330 358 220
511 306 540 357 P.
554 303 709 356 VIRGILII
728 303 890 356 MARONIS

279 408 360 460 Hune
372 406 472 459 circum
484 407 628 458 innumera
641 412 732 474 gentes
745 405 887 473 populique
899 404 1044 460 volabant:

278 478 317 529 Ac
330 477 403 529 velut
415 477 443 527 in
455 477 538 544 pratis
550 477 596 527 ubi
608 493 670 544 apes
683 482 774 527 aestate
786 492 877 526 serena

279 546 399 598 Floribus
411 547 532 598 insidunt
543 547 630 611 variis,
643 552 670 596 et
682 545 795 596 candida
807 545 906 595 circum

279 615 348 668 Lilia
359 616 524 678 funduntur;
543 616 637 682 strepit
649 615 733 665 omnis
745 631 879 666 murmure
891 630 1008 682 campus.

280 685 416 737 Horrescit
428 686 487 737 visu
500 684 593 750 subito,
607 700 751 750 causasque
763 683 873 749 requirit
1074 684 1121 737 710

280 754 382 806 Inscius
395 754 498 818 AEneas,
511 771 569 821 quae
582 754 636 804 sint
648 770 679 804 ea
690 752 802 802 flumina
813 769 896 819 porro,

281 824 364 887 Quive
377 824 427 874 viri
439 828 514 874 tanto
527 823 683 890 complerint
695 822 800 888 agmine
812 822 890 888 ripas.

280 893 348 944 'dum
360 899 435 961 pater
447 891 589 944 Anchises:
606 894 621 920 “
631 896 740 958 Anima,
752 895 848 962 quibus
860 894 944 946 altera
954 893 1012 948 fato

281 962 392 1030 Corpora
404 961 539 1028 debentur,
553 961 653 1013 Irethaei
665 961 700 1012 ad
711 961 828 1011 fluminis
840 960 940 1012 undam

280 1031 388 1084 Securos
400 1031 491 1082 latices
504 1036 531 1082 et
543 1030 622 1097 longa
634 1030 731 1082 oblivia
743 1035 844 1096 potant.

280 1101 337 1152 Has
350 1101 471 1167 equidem
483 1117 625 1152 memorare
638 1099 688 1151 tibi
700 1106 780 1166 atque
792 1099 927 1150 ostendere
939 1115 1037 1166 coram,

280 1170 300 1222 J
301 1170 445 1238 ampridem
457 1169 525 1221 hanc
538 1170 637 1237 prolem
649 1168 727 1236 cupio
739 1185 891 1220 enumerare
902 1184 1037 1223 meorum:

281 1240 337 1303 Quo
349 1241 433 1308 magis
446 1239 526 1291 Italia
537 1256 641 1291 mecum
653 1239 742 1290 laetere
753 1244 864 1305 reperta

281 1310 302 1361 0
316 1316 397 1378 pater,
410 1327 479 1362 anne
491 1309 592 1377 aliquas
604 1309 639 1360 ad
651 1307 747 1359 coelum
759 1307 821 1358 hinc
833 1307 871 1358 ire
883 1306 1034 1374 putandum
1046 1314 1086 1359 est

280 1378 409 1431 Sublimes
421 1379 529 1445 animas,
541 1379 690 1446 iterumque
702 1377 730 1428 in
743 1376 820 1428 tarda
831 1377 928 1428 reverti
1074 1380 1121 1432 720

280 1448 392 1516 Corpora
402 1447 411 1500 i
430 1465 488 1528 quae
501 1448 567 1498 lucis
579 1448 680 1499 miseris
692 1453 747 1498 tam
760 1446 818 1497 dira
829 1446 925 1514 cupido
935 1445 945 1498 t

276 1516 371 1568 Dicam
383 1515 506 1582 equidem
518 1533 525 1578 ;
543 1524 632 1566 necte
645 1529 807 1580 suspensum,
820 1519 890 1579 uate,
903 1512 998 1566 tenebo
1007 1513 1032 1568 :”

277 1585 394 1652 Suscipit
406 1583 541 1649 Anchises,
555 1589 635 1650 atque
647 1582 739 1633 ordine
751 1582 856 1649 singula
869 1583 971 1649 pandit.

312 1655 327 1680 “
335 1653 468 1720 Principio
485 1651 582 1704 coelum
594 1669 625 1704 ac
636 1657 727 1714 terras,
739 1668 896 1719 camposque
907 1651 1048 1720 liquentes,

278 1719 474 1785 Lucentemque
486 1718 594 1785 globum
606 1720 689 1771 Lunae
702 1720 859 1787 Titaniaque
871 1727 949 1788 astra,

279 1785 393 1854 Spiritus
405 1787 478 1839 intus
490 1789 546 1854 alit,
560 1794 696 1856 totamque
708 1789 795 1841 infusa
807 1807 854 1856 per
866 1796 939 1842 artus

278 1854 355 1907 Mens
367 1857 452 1922 agitat
464 1857 565 1922 molem,
579 1864 606 1909 et
617 1876 714 1925 magno
727 1876 753 1910 se
766 1876 871 1927 corpore
883 1861 983 1914 miscet.

279 1924 345 1977 Inde
358 1926 494 1978 hominum
506 1928 689 1995 pecudumque
701 1945 792 1994 genus,
805 1930 920 1996 ritaeque
932 1931 1081 2001 volantum,

277 1992 313 2046 Et
326 2012 383 2063 quoe
395 2014 538 2050 marmoreo
549 1997 601 2049 fert
614 2004 731 2049 monstra
743 1998 791 2049 sub
804 2015 906 2066 aequore
918 2011 1024 2068 pontus.

279 2064 378 2130 Igneus
391 2072 430 2118 est
442 2066 500 2119 ollis
513 2068 587 2133 vigor
599 2072 626 2118 et
638 2067 749 2119 coelestis
762 2068 834 2135 origo
1073 2072 1121 2126 730

278 2132 432 2202 Seminibus,
446 2143 577 2204 quantum
589 2153 641 2187 non
654 2137 734 2188 noxia
747 2154 853 2205 corpora
866 2139 981 2205 tardant,

277 2201 435 2272 Terrenique
447 2205 573 2258 hebetant
586 2212 659 2259 artus
671 2206 879 2275 moribundaque
888 2209 1013 2262 membra

277 2270 349 2324 Hinc
367 2281 498 2343 metuunt,
516 2276 697 2344 cupiuntque;
717 2277 813 2343 dolent,
830 2278 1001 2347 gaudentque
1011 2299 1019 2344 ;
1038 2295 1120 2350 neque

346 2359 423 2395 auras

276 2409 433 2480 Despiciunt
445 2414 539 2467 clausa
552 2416 665 2468 tenebris
679 2421 706 2468 et
718 2433 820 2468 carcere
833 2434 908 2469 caeco.

277 2481 347 2543 Quin
360 2488 387 2533 et
399 2500 519 2551 supremo
532 2502 613 2552 quum
625 2485 726 2538 lumine
738 2487 794 2538 vita
806 2487 921 2554 reliquit,

275 2549 336 2602 Non
349 2557 438 2604 tamen
450 2571 526 2606 omne
538 2555 638 2606 malum
650 2556 758 2621 miserie,
771 2574 819 2607 nec
831 2558 954 2608 funditus
966 2573 1059 2611 omnes

276 2619 409 2688 Corporeae
422 2624 554 2676 excedunt
566 2632 651 2692 pestes
661 2644 667 2687 ;
686 2626 844 2694 penitusque
856 2644 960 2678 necesse
972 2633 1013 2680 est

269 2688 363 2742 Merita
376 2691 422 2744 diu
436 2700 557 2746 concrete
568 2695 652 2746 modis
664 2695 804 2747 inolescere
816 2696 896 2748 miris.

255 2757 332 2830 Ergo
344 2771 510 2821 exercentur
522 2765 618 2840 poenis,
630 2771 803 2836 ueteremque
810 2765 941 2817 maiorum

240 2827 396 2906 Suppljcja
409 2842 587 2914 expeudrmt.
628 2840 699 2897 Aiiae
711 2837 870 2911 pendentm
878 2834 973 2885 inanes
1072 2840 1125 2886 ”rm
