2700 3242
503 313 706 365 GEORGIOON
726 313 791 365 LIB.
812 313 857 366 IV.

257 417 340 468 {lecta
351 420 455 483 petunt.
494 415 555 466 Huc
568 421 599 466 tu
608 418 694 482 jussos
707 431 814 482 asperge
827 431 937 482 sapores,

257 485 333 536 'l'rita
345 483 521 551 melisphylla,
534 489 561 535 et
574 484 699 535 cerinthae
712 484 827 550 ignobile
839 501 947 550 gramen
958 503 965 548 ;

258 554 437 620 'hinnitusque
446 553 494 619 cie,
507 559 534 604 et
544 552 639 604 Matris
650 559 731 621 quate
744 551 865 619 cymbala
877 553 983 605 circum.

260 623 330 691 Ipsae
342 622 479 673 consident
491 622 628 673 medicatis
641 621 745 673 sedibus
755 641 762 685 3
780 621 844 688 ipsae

260 691 361 744 Intima
372 708 444 743 more
457 707 503 741 suo
516 707 570 742 sese
582 691 611 741 in
623 690 755 741 cunabula
768 690 888 742 condent.

294 761 343 813 Sin
354 766 445 812 autem
457 760 491 810 ad
504 776 621 827 pugnam
633 760 755 826 exierint,
769 758 843 826 (nam
855 776 924 828 saepe
936 759 1038 811 duobus

259 829 376 897 Regibus
388 829 495 880 incessit
507 845 602 895 magno
615 828 744 879 discordia
755 828 841 894 motu)

259 898 444 965 Continuoque
456 899 557 949 animos
568 897 643 964 vulgi
655 903 682 948 et
696 898 855 965 trepidantia
867 897 935 949 bello

260 968 344 1020 Corda
356 967 420 1019 licet
431 966 508 1034 longe
520 968 701 1035 praesciscere:
719 983 833 1033 namque
845 975 975 1019 morantes
1076 970 1109 1020 70

259 1037 375 1089 Martius
387 1037 432 1088 ille
445 1036 503 1087 oeris
513 1037 588 1090 rauci
600 1052 679 1087 canor
690 1036 761 1087 incre
781 1041 816 1102 at,
829 1042 856 1087 et
868 1053 920 1089 vox

260 1106 378 1158 Auditur
389 1106 485 1157 fractos
498 1107 598 1156 sonitus
610 1105 715 1157 imitata
727 1054 852 1156 apiarum
862 1123 869 1168 3

260 1175 330 1226 Tum
342 1174 452 1243 trepida
465 1175 537 1227 inter
548 1190 574 1226 se
586 1176 691 1241 coeunt,
703 1175 851 1242 pennisque
863 1180 1007 1240 coruscant,

261 1243 421 1312 Spiculaque
433 1248 568 1295 exacuunt
579 1244 677 1310 rostris,
690 1249 835 1311 aptantque
847 1244 965 1309 lacertos,

260 1313 298 1365 Et
310 1313 380 1365 circa
391 1330 480 1381 regem
492 1318 572 1379 atque
584 1313 641 1380 ipsa
653 1312 687 1364 ad
700 1313 822 1380 praeteria
834 1312 920 1363 densae

261 1382 418 1448 Miscentur,
430 1382 585 1448 magnisque
597 1387 692 1433 vocant
705 1381 861 1433 clamoribus
873 1381 982 1432 hostem.

261 1452 332 1519 Ergo
344 1450 391 1502 ubi
403 1469 448 1504 ver
460 1455 544 1501 nactae
557 1451 653 1501 sudum
665 1467 821 1518 camposque
832 1455 953 1517 patentes

260 1520 415 1588 Erumpunt
426 1521 514 1589 portis,
528 1521 691 1571 concurritur
701 1542 707 1586 3
727 1520 825 1571 aethere
837 1520 866 1571 in
878 1519 931 1571 alto

260 1589 307 1641 Fit
320 1589 436 1654 sonitus;
454 1605 581 1655 magnum
591 1588 684 1640 mixtae
697 1589 876 1656 glomerantur
887 1590 914 1639 iu
927 1589 1022 1656 orbem,

261 1658 464 1727 Pracipitesque
476 1658 591 1710 cadunt:
609 1674 661 1709 non
674 1658 778 1709 densior
789 1660 850 1710 aire
863 1660 969 1725 grando,
1074 1662 1109 1710 80

261 1728 318 1780 Nec
330 1728 363 1778 de
375 1744 499 1779 concussa
510 1731 617 1778 tantum
629 1727 699 1794 pluit
711 1727 770 1778 ilice
782 1727 902 1793 glandis:

262 1796 320 1865 ipsi
332 1812 379 1865 per
389 1796 488 1847 medias
500 1796 569 1847 acies
581 1795 728 1862 insignibus
740 1796 788 1847 alis

262 1865 387 1933 Ingentes
399 1865 498 1917 animos
511 1871 623 1931 angusto
635 1865 663 1915 in
675 1870 780 1933 pectore
792 1870 904 1931 versant,

261 1934 351 2002 Usque
362 1935 427 1986 adeo
439 1933 529 1986 obnixi
541 1951 594 1984 non
606 1934 703 2001 cedere,
717 1933 781 1984 dum
793 1935 879 2001 gravis
891 1941 939 1986 aut
951 1935 1005 2001 hos,

261 2004 319 2055 Aut
330 2003 378 2055 hos
389 2019 463 2056 versa
474 2003 540 2070 fuga
552 2003 635 2054 victor
647 2003 709 2054 dare
721 2008 796 2069 terga
809 2003 918 2070 subegit.

261 2071 301 2124 Hi
312 2078 399 2124 motus
408 2072 555 2123 animorum
567 2077 647 2138 atquc
659 2072 716 2123 haec
728 2072 871 2124 certamina
883 2077 958 2124 tanta

261 2140 383 2194 Pulveris
395 2141 485 2207 exigui
494 2143 571 2207 jactu
583 2157 729 2208 compressa
741 2143 887 2208 quiescunt.

262 2210 362 2263 Verum
373 2208 419 2260 ubi
431 2210 551 2261 ductores
564 2209 619 2261 acie
630 2210 791 2263 revocaveris
803 2210 888 2277 ambo,

260 2279 382 2331 Deterior
394 2279 439 2346 qui
451 2279 529 2345 risus,
542 2295 610 2346 eum,
622 2295 656 2329 ne
668 2279 793 2346 prodigus
805 2278 880 2342 obsit,

260 2347 335 2401 Dede
347 2348 405 2399 neci
415 2366 422 2411 ;
439 2347 531 2398 melior
543 2365 626 2400 vacua
638 2348 694 2398 sine
705 2353 798 2413 regnet
810 2348 839 2398 in
851 2347 919 2400 aula.
1073 2351 1108 2401 90

260 2418 338 2470 Alter
350 2417 400 2469 erit
411 2416 521 2468 maculis
533 2433 597 2468 auro
610 2416 791 2483 squalentibus
804 2416 915 2480 ardens3

259 2486 331 2538 Nam
343 2486 395 2537 duo
409 2492 470 2537 sunt
483 2502 595 2553 genera;
613 2485 657 2537 hic
668 2485 767 2551 melior,
780 2485 889 2552 insignis
902 2491 929 2537 et
941 2502 990 2551 oro,

260 2555 298 2608 Et
309 2555 398 2607 rutilis
412 2555 497 2606 clarus
510 2554 623 2623 squamis
634 2573 641 2617 ;
658 2555 704 2606 ille
716 2554 836 2605 horridus
849 2554 915 2606 alter

260 2625 377 2689 Desidia,
389 2624 523 2692 latamque
532 2624 641 2675 *trahens
654 2624 781 2690 inglorius
794 2623 890 2675 alvum.

261 2694 301 2746 Ut
312 2692 382 2744 binae
394 2710 486 2760 regum
497 2693 585 2759 facies,
598 2693 636 2744 ita
648 2709 755 2762 corpora
766 2690 868 2763 plebis·¹

258 2761 383 2826 Namque
391 2761 451 2839 alia
463 2767 553 2829 turpes
564 2763 676 2819 horrent
686 2784 694 2833 ;
714 2783 765 2821 ceu
776 2764 894 2839 puluere
904 2765 941 2822 ab
952 2764 1012 2820 alto

251 2827 337 2886 Quum
352 2833 427 2893 Vssfflt
441 2833 471 2879 ⁶5
481 2831 552 2886 ⁸1'000
566 2839 670 2894 tenum
683 2842 764 2913 spuit
777 2859 828 2898 ore
838 2841 933 2899 viator

1119 2855 1136 3031 l
