2700 3242
537 309 738 362 GEORGICON
756 311 825 364 LlB.
843 310 865 364 l.
1087 312 1119 369 27

267 408 392 475 concilia,
406 408 539 461 incertum
550 416 606 474 est3
623 409 734 462 urbesne
745 411 864 479 invisere,
876 413 969 479 Caesar,

265 477 461 546 Terrarumque
473 479 538 530 velis
551 496 649 547 curam,
661 486 689 533 et
701 485 728 532 te
738 481 871 532 maximus
883 481 952 534 orbis

265 546 410 598 Auctorem
421 547 532 614 frugum
545 555 785 617 tempestatumque
796 557 931 618 potentem

264 617 397 684 Accipiat,
410 616 519 683 cingens
530 626 650 670 materna
661 624 781 686 tempora
792 625 879 686 myrto
889 639 896 683 ;

264 686 307 736 An
321 685 387 737 deus
400 685 522 737 immensi
535 687 623 738 venias
635 688 723 754 maris,
735 705 767 739 ac
778 694 827 739 tua
839 694 930 740 nautae

264 753 385 806 Numina
398 755 453 807 sola
466 755 561 822 colant,
573 755 623 806 tibi
636 756 733 808 serviat
745 757 841 808 ultima
853 758 944 825 Thule,
1081 762 1116 810 30

264 823 354 892 Teque
367 823 417 875 sibi
429 841 556 891 generum
569 825 667 892 Tethys
680 831 752 877 emat
764 826 884 878 omnibus
896 826 993 889 undis3

264 893 343 944 Anne
355 910 455 945 novum
467 894 550 945 tardis
562 894 634 945 sidus
647 900 674 945 te
686 894 819 945 mensibus
831 896 920 963 addas,

265 961 324 1026 Qua
336 961 409 1014 locus
422 963 555 1029 Erigonen
568 963 637 1014 inter
650 963 794 1030 Chelasque
807 972 943 1032 sequentes

263 1029 398 1082 Panditur
408 1050 415 1095 ;
433 1032 489 1100 ipse
502 1031 551 1082 tibi
560 1033 617 1099 jam
629 1032 736 1083 brachia
748 1033 881 1084 contrahit
892 1034 986 1085 ardens

263 1099 392 1169 Scorpios,
405 1106 432 1152 et
445 1101 505 1152 coeli
514 1103 588 1168 justa
600 1101 660 1169 plus
672 1108 747 1169 parte
759 1101 886 1170 reliquit:

264 1169 402 1238 Quidquid
414 1171 465 1221 eris
478 1170 552 1237 (nam
564 1176 590 1222 te
603 1187 651 1222 nec
664 1177 769 1238 sperent
781 1171 890 1223 Tartara
902 1188 998 1239 regem,

262 1238 288 1290 N
289 1256 320 1291 ec
332 1238 383 1291 tibi
394 1240 523 1306 regnandi
535 1240 625 1292 veniat
637 1246 694 1292 tam
707 1240 764 1291 dira
776 1240 879 1308 cupido,

264 1308 392 1372 Quamvis
404 1309 506 1376 Elysios
517 1309 628 1360 miretur
641 1309 742 1360 Gracia
754 1325 866 1376 campos,

262 1376 289 1429 N
290 1394 321 1428 ec
333 1378 447 1445 repetita
459 1378 533 1446 sequi
545 1384 620 1430 curet
632 1378 789 1445 Proserpina
801 1375 924 1444 matrem)

262 1446 306 1498 Da
318 1446 425 1498 facilem
437 1464 550 1514 cursum,
563 1454 643 1515 atque
655 1446 801 1500 audacibus
813 1463 901 1498 annue
913 1446 1005 1515 coeptis
1079 1449 1114 1498 40

263 1515 428 1582 Ignarosque
439 1517 490 1567 viae
502 1534 606 1568 mecum
617 1518 757 1569 miseratus
769 1522 883 1583 agrestes

263 1584 414 1652 Ingredere,
427 1591 454 1637 et
465 1586 534 1637 votis
542 1588 600 1653 jam
612 1603 684 1639 nunc
696 1603 813 1638 assuesce
826 1585 921 1638 vocari.

299 1653 368 1706 Vere
380 1671 454 1721 novo,
466 1655 569 1722 gelidus
582 1655 654 1706 canis
667 1672 750 1722 quum
762 1655 895 1707 montibus
907 1655 1001 1707 humor

263 1721 395 1791 Liqrritur,
407 1729 435 1776 et
448 1724 561 1792 zephyro
574 1725 660 1792 putris
672 1741 699 1775 se
712 1725 788 1792 gleba
799 1725 914 1790 resolvit,

262 1793 393 1861 Depresso
405 1793 516 1861 incipiat
524 1794 582 1861 jam
594 1799 652 1844 tum
663 1794 731 1845 mihi
743 1800 835 1845 taurus
847 1800 934 1846 aratro

264 1860 410 1930 Ingemere,
423 1869 450 1914 et
462 1863 533 1914 sulco
546 1863 655 1915 attritus
668 1863 846 1932 splendescere
858 1879 955 1915 vomer.

264 1929 319 1982 Illa
332 1947 404 1997 seges
416 1932 522 1983 demum
534 1933 602 1984 rotis
614 1933 754 2000 respondet
766 1933 838 1985 avari

262 1999 402 2066 Agricolae,
414 2000 453 2051 bis
466 2018 523 2067 quae
536 2002 623 2066 solem,
635 2001 675 2053 bis
688 2002 786 2068 frigora
798 2001 895 2065 sensit3

264 2068 342 2121 Illius
355 2069 488 2120 immensa
500 2077 629 2138 ruperunt
642 2071 733 2122 horrea
745 2087 847 2122 messes„

300 2137 337 2189 At
349 2138 422 2206 prius
434 2137 554 2204 ignotum
566 2141 634 2192 ferro
647 2158 727 2208 quam
740 2141 883 2191 scindimus
896 2155 991 2207 aequor,
1077 2141 1111 2190 50

264 2205 365 2258 Ventos
377 2213 405 2258 et
416 2208 519 2259 varium
531 2209 588 2260 coeli
601 2211 753 2277 praediscerc
765 2226 864 2260 morem

264 2276 334 2327 (iura
347 2276 389 2341 sit,
401 2293 432 2327 ac
443 2277 542 2344 patrios
554 2278 693 2345 cultusque
706 2278 865 2344 habitusque
877 2276 1000 2340 locorum,

263 2345 300 2396 Et
313 2345 378 2412 quid
390 2361 500 2411 quaque
511 2347 580 2398 ierat
591 2348 670 2414 regio,
684 2353 711 2398 et
723 2347 787 2415 quid
799 2363 909 2414 quaeque
920 2356 1031 2397 recuset.

263 2413 318 2466 Hic
331 2419 439 2482 segetes,
450 2415 505 2466 illic
517 2416 628 2467 veniunt
640 2417 744 2468 felicius
755 2434 815 2468 uvae
826 2435 833 2479 3

263 2483 375 2535 Arborei
386 2483 456 2535 fetus
468 2483 532 2536 alibi
544 2491 625 2552 atque
636 2487 737 2552 injussa
749 2487 882 2538 virescunt

264 2553 397 2605 Gramina.
427 2553 521 2605 Nonne
533 2554 613 2621 vides,
626 2572 728 2606 croceos
740 2561 771 2605 ut
784 2555 889 2606 Tmolus
902 2553 998 2610 odores.

263 2621 344 2674 India
355 2623 441 2674 mittit
453 2622 524 2689 ebur,
536 2624 626 2675 molles
639 2641 687 2675 sua
699 2625 779 2676 thura
792 2623 893 2687 Sabaei3

262 2691 302 2743 At
314 2691 444 2759 Chalybes
456 2692 522 2743 nudi
533 2693 639 2760 ferrum,
652 2694 789 2764 virosaque
801 2693 904 2749 Pontus

264 2759 387 2834 Garates,
399 2760 523 2812 Eliadum
532 2762 640 2831 palmas
650 2765 749 2840 Epiros
762 2767 919 2845 equaruml

250 2824 379 2874 Cerauno
387 2824 439 2875 has
447 2827 523 2896 leges
534 2838 698 2915 aeternaque
709 2844 819 2906 foedera
832 2847 921 2906 certis
