2700 3242
266 279 319 334 144
496 281 526 335 P.
544 281 700 335 VIRGILII
719 282 881 336 Mlaorus

265 381 444 451 Agnoscitque
457 399 523 451 suos,
535 383 665 451 laetusque
677 383 712 435 ad
724 381 817 435 limina
829 382 911 449 ducit,

265 450 302 503 Et
313 451 430 504 multum
441 453 563 504 lacrimas
575 453 655 505 verba
665 453 736 505 inter
748 451 854 518 singula
865 451 963 503 fundit.

265 519 389 584 Procedo,
401 525 428 572 et
440 536 548 588 parvam
560 518 664 586 Trojam
675 519 852 586 simulataque
863 519 966 586 magnis

266 588 394 651 Pergama
406 595 433 641 et
445 596 561 640 arentem
574 587 674 639 Xanthi
688 588 841 654 cognomine
852 587 940 640 rivum

267 656 394 724 Agnosco,
407 655 538 725 Soaeaeque
549 658 694 725 amplector
705 658 798 710 limina
810 663 898 726 portae.

266 722 323 777 Nec
334 743 387 778 non
399 730 427 777 et
439 726 532 778 Teucri
544 727 613 778 socia
625 726 705 778 simul
716 727 781 779 urbe
792 728 937 780 fruuntur:

267 793 331 847 Illos
343 794 486 863 porticibus
497 813 545 847 rex
556 794 702 865 accipiebat
713 796 742 847 in
754 795 857 863 amplis.

266 863 347 916 Aulai
361 863 390 916 in
401 865 487 916 medio
499 864 618 917 libabant
629 865 725 933 pocula
736 864 842 931 Bacchi,

266 930 400 1001 Impositis
411 949 475 986 auro
488 933 607 1002 dapibus,
619 939 776 1001 paterasque
787 931 921 986 tenebant

305 1006 319 1030 ‘⁶
330 1003 446 1068 Jamque
457 999 513 1051 dies
525 1002 645 1068 alterque
657 1001 712 1054 dies
724 999 865 1068 processit;
882 1002 909 1049 et
920 1012 990 1050 aurae

266 1066 334 1122 Vela
345 1076 447 1138 vocant,
459 1071 613 1138 tumidoque
625 1071 734 1124 inflatur
746 1072 868 1124 carbasus
879 1074 983 1126 Austro.

268 1135 319 1189 His
332 1144 419 1191 vatem
432 1140 569 1206 aggredior
580 1140 666 1207 dictis,
678 1157 710 1192 ac
721 1141 787 1193 talia
798 1158 902 1208 quaeso:

272 1205 442 1274 ‘'l'rojugena,
454 1207 584 1274 interpres
596 1207 695 1274 divum,
706 1208 752 1288 qui
764 1209 875 1260 numina
887 1205 986 1274 Phoebi,

269 1273 322 1337 Qui
334 1275 458 1343 tripodas,
472 1275 553 1328 Clarii
564 1276 661 1342 laurus,
674 1292 723 1343 qm
734 1276 820 1328 sidera
831 1276 920 1343 sentis,

267 1341 305 1395 Et
316 1343 453 1397 volucrum
464 1343 570 1412 linguas
580 1351 607 1398 et
620 1349 742 1414 praepetis
754 1349 842 1398 omina
853 1361 954 1413 penna,

266 1410 334 1464 Fare
346 1430 544 1482 age-namque
556 1431 659 1466 omnem
672 1431 778 1466 cursum
789 1415 857 1465 mihi
869 1429 992 1482 prospera
1004 1411 1071 1466 dixit

265 1479 376 1549 Religio,
389 1487 416 1534 et
427 1483 518 1535 cuncti
531 1488 669 1535 suaserunt
682 1484 792 1535 numine
804 1483 860 1534 divi

264 1548 373 1602 Italiam
384 1556 473 1619 petere
488 1558 515 1604 et
527 1556 610 1604 terras
622 1556 725 1603 tentare
736 1556 869 1617 repostas3

264 1617 325 1672 Sola
336 1637 434 1673 novum
446 1621 571 1688 dictuque
582 1622 657 1673 nefas
670 1620 792 1688 Harpyia
804 1619 907 1672 Celaeno

264 1687 418 1756 Prodigium
430 1690 509 1756 canit,
522 1695 550 1742 et
561 1690 650 1743 tristes
663 1689 804 1741 denuntiat
816 1689 877 1755 iras,

265 1756 461 1828 Obscenamque
472 1759 665 1827 famem—quas
678 1759 765 1827 prima
776 1758 895 1826 pericula
907 1757 983 1811 vitol

264 1827 386 1896 Quidque
399 1845 508 1896 sequens
520 1834 609 1881 tantos
621 1830 717 1896 possim
730 1844 852 1895 superare
864 1825 989 1880 laboresi’

264 1894 317 1949 Hic
330 1897 455 1964 Helenus,
469 1899 541 1950 caesis
553 1898 668 1966 primum
681 1898 714 1949 de
725 1914 797 1948 more
805 1897 936 1964 juvencis,

264 1965 364 2018 Exorat
375 1983 467 2034 pacem
479 1967 578 2034 divum,
591 1968 725 2035 vittasque
736 1966 845 2018 resolvit

264 2034 365 2087 Sacrati
378 2036 479 2104 capitis,
491 2053 585 2104 meque
597 2037 631 2088 ad
644 2042 692 2088 tua
703 2036 803 2102 limina,
818 2034 925 2100 Phoebe,

264 2103 324 2173 Ipse
335 2122 417 2156 manu
428 2105 512 2158 multo
525 2123 680 2174 suspensum
692 2105 801 2156 numine
813 2104 888 2156 ducit
899 2122 906 2166 ;

265 2173 354 2294 AtppIe
362 2174 423 2294 thap
435 2174 530 2226 deinde
542 2175 615 2295 capit
627 2175 717 2292 diyinp)
729 2191 819 2253 exlore
831 2172 967 2292 sacelrtdos:

346 2259 389 2294 ae
420 2259 556 2295 ea-nam
581 2260 595 2295 e
607 2260 651 2294 ma
662 2260 700 2295 ors
718 2260 749 2292 us
762 2260 799 2293 rre
830 2259 885 2293 era
909 2259 955 2293 um

264 2307 396 2378 Auspiciis
407 2283 549 2363 maliifesta
561 2311 625 2362 fides
635 2261 699 2374 5Jsic
710 2310 768 2361 fata
780 2259 860 2361 debm
871 2327 919 2361 rex

263 2377 385 2446 Sortitur,
398 2379 532 2447 volvitque
545 2380 632 2443 vices3
650 2380 673 2430 is
686 2379 799 2431 vertitur
811 2379 909 2431 ordc-

264 2446 354 2500 Pauca
366 2447 415 2500 tibi
428 2466 442 2500 e
453 2448 553 2515 multis,
567 2466 619 2516 quo
631 2449 714 2500 tutior
726 2448 831 2516 hospita
843 2448 941 2500 lustres

264 2516 385 2584 AEquora,
398 2523 425 2570 et
438 2518 552 2570 Ausonio
566 2518 648 2586 possis
660 2518 793 2570 considere
805 2523 891 2585 portu,

264 2586 411 2654 Expediam
424 2587 501 2639 dictis
512 2606 518 2650 ;
537 2587 676 2655 prohibent
689 2605 750 2638 nam
763 2593 850 2638 cetera
862 2586 952 2638 Parcae

264 2657 335 2708 Scire
348 2656 480 2707 Helenum
492 2656 594 2724 farique
607 2663 680 2708 vetat
693 2655 818 2708 Saturnia
830 2656 849 2708 J
850 2672 910 2707 uno.

248 2723 391 2792 Principii>
403 2725 423 2778 Ι
421 2726 521 2796 taliam,
535 2743 616 2798 quam
629 2731 660 2779 tu
670 2728 726 2796 jam
738 2742 793 2776 rcre
805 2725 989 2793 propinquam,

243 2790 413 2866 Vicinosque,
426 2797 532 2872 ignare,
546 2817 628 2873 paras
642 2797 771 2854 invadere
782 2800 885 2868 portus,
