2700 3242
271 302 322 353 272
502 299 531 353 P.
544 297 698 351 VIRGILII
717 297 878 352 MARONIS

271 400 395 453 Baletum
408 406 546 453 exercent:
563 399 609 452 ille
621 405 736 468 asperet
746 398 888 469 improbus,
900 400 941 453 ira

272 469 353 522 flevit
365 470 394 521 in
406 469 525 522 absentes
536 489 543 534 ;
561 468 671 521 collecta
683 469 781 536 fatigat
792 469 887 522 edendi

272 538 314 591 Ex
326 538 404 606 longo
415 539 507 605 rabies,
519 545 547 591 et
558 537 632 590 siccae
645 538 774 605 sanguine
785 538 882 591 fauces

273 607 354 660 Haud
367 608 445 660 aliter
458 607 565 674 Rutulo,
576 624 664 659 muros
677 613 704 658 et
716 612 803 659 castra
815 607 911 674 tuenti,

274 676 419 743 Ignescunt
430 677 494 740 irae;
512 676 586 728 duris
598 672 671 728 ‘dolor
684 676 783 727 ossibus
795 676 870 728 ardet
880 695 888 740 ;

274 745 333 809 Qua
344 751 431 798 tentet
443 746 544 798 ratione
556 745 652 810 editus,
665 750 693 797 et
705 761 763 812 quae
774 745 819 797 via
830 745 933 798 clausos

273 813 401 866 Excutiat
413 814 524 867 Teucros
535 814 612 881 vallo,
625 821 705 882 atque
717 813 837 865 effundat
848 815 877 866 in
889 811 1010 937 ueqqor'.

274 884 396 949 Classem,
409 900 468 952 quae
480 884 558 936 lateri
570 888 715 936 castrorum
728 883 855 952 adjuncta
866 883 921 936 lete
955 891 976 952 t,

273 952 421 1020 Aggeribus
433 959 534 1020 septam
547 953 646 1004 circum
658 959 685 1004 et
696 952 848 1004 fluvialibus
859 953 946 1020 undis,
1085 957 1118 1010 70

274 1021 397 1085 Invadit;
415 1022 547 1090 sociosque
558 1022 681 1073 incendic
692 1021 776 1089 poscit
788 1029 913 1085 ovantem

273 1090 361 1158 Atque
373 1108 482 1143 manum
494 1091 560 1158 pinu
571 1090 696 1159 flagranti
707 1091 825 1143 fervidus
836 1091 937 1159 implet

274 1158 342 1211 llum
353 1177 414 1212 vero
425 1159 583 1212 incumbunt
593 1179 600 1223 3
617 1165 696 1228 urget
707 1160 846 1228 prasentia
858 1161 959 1224 Turni3

273 1228 362 1296 Atque
374 1229 458 1281 omnis
469 1229 570 1281 facibus
582 1229 664 1297 pubes
676 1229 824 1297 accingitur
835 1229 906 1283 atris.

274 1297 412 1366 Diripuere
424 1298 511 1362 focos;
528 1299 633 1366 piceum
644 1298 697 1351 fert
708 1298 912 1350 fumidalumen

274 1366 360 1433 Taeda,
373 1374 400 1419 et
412 1368 583 1420 commixtam
595 1367 731 1420 Vulcanus
743 1367 777 1419 ad
789 1373 860 1420 astra
871 1368 1000 1422 favillam

311 1436 375 1501 Quis
387 1437 458 1501 deus,
471 1454 486 1489 0
498 1436 588 1504 Musae,
601 1443 657 1489 tam
669 1452 738 1488 saeva
748 1437 872 1488 incendia
883 1436 990 1490 Teucris

275 1505 398 1558 Avertitl
417 1511 506 1558 tantos
517 1505 618 1558 retibus
631 1506 690 1575 quis
702 1505 804 1574 depulit
816 1506 910 1574 ignes?

275 1575 369 1627 Dicite.
405 1574 494 1626 Prisca
506 1574 570 1627 fides
582 1575 660 1641 facto,
673 1575 719 1627 sed
730 1575 802 1626 fama
847 1575 942 1628 rennis.

275 1645 400 1711 Tempore
412 1661 463 1712 quo
475 1643 590 1712 primum
603 1644 719 1712 Phrygia
731 1643 815 1696 forma
849 1651 861 1696 t
872 1645 901 1695 in
914 1645 963 1697 Ida
1083 1649 1117 1698 80

276 1714 372 1764 AEneas
385 1711 500 1780 classem,
514 1719 540 1764 et
552 1713 639 1781 pelagi
652 1720 742 1780 petere
753 1713 809 1765 alta
820 1713 937 1781 perabat,

276 1782 338 1849 Ipsa
350 1782 429 1833 deum
441 1783 526 1833 fertur
537 1783 658 1850 genetrix
671 1782 828 1850 Berecyntia
838 1799 966 1849 magnum

277 1851 391 1903 Vocibus
403 1851 444 1902 his
456 1851 538 1904 affata
550 1852 569 1904 J
570 1868 645 1904 ovem
655 1868 660 1903 :
679 1851 693 1876 “
702 1850 751 1916 Du,
763 1857 833 1917 nete,
846 1851 956 1918 petenti,

277 1921 353 1984 Quod
365 1927 413 1973 tua
425 1937 486 1973 care
498 1938 591 1988 parens
604 1919 703 1972 domito
715 1927 742 1972 te
753 1919 838 1987 poscit
850 1919 969 1988 Olympo.

277 1989 359 2042 Pinea
372 1991 438 2042 silva
449 1989 516 2040 mihi
527 1990 624 2042 multos
637 1988 735 2040 dilecta
746 2005 793 2057 per
804 2005 900 2040 annos:

276 2059 376 2180 gneus
389 2060 416 2110 in
429 2075 487 2111 arce
499 2059 552 2110 fuit
565 2075 674 2124 summa,
687 2074 737 2124 quo
750 2074 823 2109 sacra
834 2057 960 2123 ferebant,

303 2129 402 2196 igranti
414 2129 488 2197 picea
501 2127 672 2194 trabibusque
684 2126 809 2178 obscurus
821 2126 922 2178 acernis
932 2125 952 2194 ε]

278 2198 334 2249 Has
347 2215 394 2264 ego
406 2197 540 2250 Dardanio
548 2196 649 2264 juveni,
662 2213 746 2265 quum
758 2195 847 2248 classis
858 2202 955 2264 egeret,
1093 2253 1095 2257 ,

277 2267 351 2318 Laeta
363 2266 424 2318 dedi
435 2285 441 2329 ;
459 2283 531 2317 nunc
544 2266 683 2318 sollicitam
695 2266 773 2316 timor
785 2265 880 2317 anxius
892 2272 971 2332 urget
979 2270 1021 2321 ''.

278 2335 354 2387 Solve
365 2342 459 2401 metus,
471 2341 551 2402 atque
564 2335 612 2386 hoc
625 2335 744 2403 precibus
757 2335 812 2386 sine
824 2351 898 2402 posse
910 2342 1055 2403 parentem,
1086 2341 1120 2389 90

278 2404 318 2455 Ne
331 2421 408 2456 cursu
421 2411 550 2472 quassatee
562 2404 616 2455 ullo
629 2421 681 2455 neu
693 2403 798 2454 turbine
810 2403 883 2454 venti

279 2472 443 2525 Vincuntur:
462 2472 545 2540 prosit
557 2472 652 2522 nostris
665 2472 693 2520 in
707 2471 840 2522 montibus
853 2472 949 2524 ortas.’‘

279 2541 363 2593 Filius
376 2540 438 2591 huic
451 2546 548 2606 contra,
562 2545 665 2606 torquet
679 2540 723 2606 qui
736 2539 821 2591 sidera
832 2541 926 2593 mundi
939 2561 944 2593 :

278 2612 293 2638 “
304 2610 325 2661 0
338 2609 466 2675 genetrix,
480 2626 530 2676 quo
543 2610 599 2660 fata
612 2607 707 2660 vocasl
725 2618 773 2660 aut
785 2611 848 2677 quid
862 2613 929 2678 petis
944 2613 1001 2664 istis
1014 2613 1023 2666 l

271 2679 418 2735 Mortaline
430 2696 512 2732 manu
524 2679 601 2730 fectae
614 2678 761 2729 immortale
773 2677 869 2730 carinae

259 2752 316 2808 Fas
328 2751 451 2808 babeant
465 2751 474 2809 l
495 2758 636 2821 certusque
646 2747 750 2801 incerta
757 2747 874 2815 pericula
884 2748 980 2801 lustret

248 2827 382 2885 AEucnsl
403 2831 450 2887 cui
465 2837 550 2889 tanta
565 2830 618 2886 deo
631 2829 766 2906 permissa
774 2817 911 2913 poterunt

562 2919 576 2944 ⁶
591 2928 681 2959 {equum
807 2917 832 2940 nn
847 2907 864 2939 ll
