2700 3242
501 321 669 376 AENEIDOS
689 322 755 376 LIB.
774 322 838 376 XII.
1039 328 1091 378 353

243 426 309 480 Pars
320 425 422 494 gladios
435 425 571 493 stringunt
582 424 713 492 manibus,
726 442 787 494 pars
799 425 897 477 missile
909 426 1010 477 ferrum

244 495 403 564 Corripiunt,
415 495 529 562 eaeeique
541 499 631 548 ruunt.
669 495 740 558 Quos
752 496 860 562 agmina
872 500 964 547 contra

245 564 409 617 Procurrunt
421 564 601 617 Laurentum:
618 564 682 616 hinc
695 563 769 616 densi
781 581 872 616 rursus
884 564 1016 616 inundant
1040 566 1091 616 280

246 633 327 687 Pro‘e‘s
339 634 512 702 Agyllinique
524 639 551 686 et
582 633 642 685 ictis
654 633 768 684 Arcades
780 634 867 685 armis.

244 702 288 756 Sic
300 720 389 755 omnes
401 720 474 755 amor
485 719 555 755 unus
563 651 647 754 babet
659 702 798 754 decernere
809 704 885 756 ferro.

244 771 385 841 Diripuere
397 789 455 825 aras
466 791 473 836 ;
491 771 513 824 it
525 777 581 824 toto
593 771 701 822 turbida
713 770 778 823 coelo

244 840 396 909 Tempestas
408 841 528 908 telorum,
540 857 572 893 ao
583 841 683 892 ferreus
695 840 797 906 ingruit
809 840 909 905 imber3

246 910 418 978 craterasque
430 910 552 978 focosque
563 910 660 962 demut.
697 908 780 976 Fugit
791 911 847 979 ipse
859 910 970 962 Latinus

245 978 368 1032 Pulsatos
379 980 494 1031 referens
506 979 604 1031 infecto
615 978 713 1030 foedere
725 978 805 1032 divos.

246 1047 386 1101 Infrenant
398 1049 445 1101 alii
457 1065 556 1115 currus,
569 1065 617 1100 aus
629 1064 737 1115 corpora
750 1048 822 1100 saltu

246 1116 399 1185 Subjiciunt
410 1117 439 1168 in
452 1134 538 1185 equos,
551 1122 578 1170 et
591 1116 688 1169 strictis
701 1117 805 1168 ensibus
818 1116 923 1171 adsunt.

245 1185 384 1255 Messapus
395 1203 492 1254 regem,
505 1186 624 1254 regisque
637 1186 741 1253 insigne
753 1192 896 1253 gerentem,

247 1255 414 1323 Tyrrhenum
426 1255 560 1322 Aulesten,
572 1256 666 1308 avidus
679 1254 839 1307 confundere
850 1256 943 1323 foedus,
1039 1258 1091 1308 290

245 1324 363 1377 Adverso
375 1330 503 1393 proterret
515 1341 597 1392 equo:
615 1325 671 1376 ruit
683 1325 728 1376 ille
740 1323 870 1391 recedens,

245 1392 282 1446 Et
293 1394 372 1446 miser
384 1394 509 1463 oppositis
522 1411 538 1445 a
550 1399 623 1460 tergo
635 1393 779 1445 involvitur
792 1393 844 1445 aris

246 1462 280 1515 In
293 1467 374 1531 caput
386 1463 467 1531 inque
478 1463 607 1515 humeros.
642 1463 681 1514 At
692 1462 810 1513 fervidus
822 1462 930 1516 advolat¹
941 1461 1018 1515 hasta

246 1530 392 1600 Messapus,
403 1532 509 1600 teloque
520 1537 639 1584 orantem
651 1530 738 1584 multa
749 1531 846 1584 trabali

246 1600 319 1654 Desu
339 1618 367 1653 er
377 1601 449 1654 altus
461 1617 528 1670 equo
540 1601 656 1668 graviter
667 1601 737 1666 ferit,
750 1607 831 1669 atque
842 1601 882 1654 ita
893 1601 982 1654 fatur:

246 1670 306 1723 Hoc
318 1618 415 1734 doben
432 1670 490 1722 haec
501 1671 594 1722 melior
604 1671 708 1739 magnis
721 1670 784 1722 data
795 1670 905 1724 victima
918 1671 992 1726 divis.

247 1739 413 1792 Concurrunt
425 1738 497 1801 Itali,
510 1739 675 1807 spoliantque
687 1739 802 1818 calentia
812 1741 936 1794 membra

247 1807 347 1862 Obvius
360 1808 511 1861 ambustum
523 1816 620 1861 torrem
633 1807 776 1876 Oorynaeur'
785 1808 819 1862 ab
831 1827 877 1862 ara

247 1877 368 1946 corripit,
380 1882 408 1930 et
419 1878 537 1930 venienti
549 1877 635 1930 Ebuso
648 1878 806 1946 plagamque
817 1879 914 1931 ferenti

247 1946 367 2015 Occupat
379 1963 406 1999 os
418 1947 546 1999 fiammis:
565 1946 611 1998 olli
623 1947 717 2014 ingens
728 1946 809 1998 barba
820 1947 927 2014 reluxit,
1039 1951 1091 1999 300

246 2015 425 2085 Nidoremque
437 2016 558 2068 ambusta
571 2015 659 2068 dedit:
679 2032 757 2082 super
768 2016 824 2082 ipse
837 2023 941 2068 secutus

247 2085 386 2138 caesariem
397 2086 465 2138 laeva
478 2085 579 2137 turbati
591 2085 699 2152 corripit
710 2084 800 2149 hostis,

247 2153 429 2222 Impressoque
440 2171 511 2222 genu
523 2155 611 2206 nitens
624 2160 700 2205 terra
713 2153 830 2221 applicat
842 2152 947 2220 ipsum;

246 2223 291 2276 Sic
303 2223 389 2291 rigido
400 2223 472 2276 latus
484 2240 545 2276 ense
556 2223 625 2275 ierit.
662 2222 811 2274 Podalirius
823 2222 916 2274 Alsum

247 2291 390 2360 Pastorem,
402 2292 539 2361 primaque
551 2293 607 2344 acie
619 2309 665 2360 per
677 2292 732 2344 tela
743 2297 872 2358 ruentem,

246 2361 318 2414 Ense
330 2378 440 2430 sequens
453 2363 524 2413 nudo
537 2361 752 2429 superimminet:
771 2360 817 2412 ille
829 2360 913 2412 securi

246 2430 358 2483 Adversi
370 2431 483 2483 frontem
496 2430 610 2483 mediam
622 2435 793 2497 mentumque
805 2431 914 2482 reducta

245 2499 361 2568 Disjioit,
374 2505 401 2552 et
414 2518 501 2568 sparso
513 2500 568 2552 late
579 2500 650 2567 rigat
662 2517 736 2551 arma
747 2516 845 2552 cruore.

247 2569 302 2622 Olli
314 2569 381 2621 dura
393 2569 466 2637 quies
479 2569 567 2621 oeulos
580 2575 606 2621 et
618 2569 718 2620 ferreus
730 2575 807 2635 urget

245 2637 378 2703 somnus;
395 2638 424 2691 in
437 2644 562 2691 aternam
574 2637 737 2690 clauduntur
749 2638 850 2689 lumina
861 2642 973 2690 noctem.
1040 2641 1092 2692 310

283 2708 320 2759 Aa
333 2707 393 2775 pius
405 2708 501 2760 AEneas
513 2708 635 2759 dextram
647 2707 773 2759 tendebat
785 2707 916 2759 inermem

245 2776 357 2831 Nudato
369 2777 462 2844 capite,
475 2782 555 2848 atque
567 2793 628 2832 suos
641 2776 759 2834 elamore
768 2776 909 2833 uocabat:

246 2845 329 2905 “an
338 2846 440 2902 ruitis?
455 2866 550 2920 quaere
563 2856 617 2913 ista
626 2876 731 2933 repens
745 2861 891 2917 discordia
902 2851 1021 2922 mm

654 2953 671 2988 a
686 2954 705 2990 a
