2700 3242
285 290 319 342 48
518 291 547 344 r.
568 291 721 347 vinoun
741 295 903 362 rraaerrs

285 398 400 466 Golaque
412 397 552 466 prelorum
564 398 672 449 fumosis
685 398 774 466 deripe
786 399 864 451 tectis
874 418 882 463 ;

286 468 348 520 Huc
361 485 423 535 ager
434 467 479 520 ille
491 468 584 534 malus,
596 467 737 535 dulcesque
749 485 766 520 a
776 468 894 520 fontibus
906 469 983 522 undae

284 537 328 590 Ad
341 537 449 606 plenum
461 537 611 589 calcentur:
630 553 700 604 aqua
712 538 873 589 eluctabitur
885 540 969 590 omnis

285 606 399 675 Scilicet,
412 612 438 660 et
450 607 562 674 grandes
574 606 651 658 ibunt
664 624 711 675 per
723 607 823 659 vimina
834 614 936 674 guttoe;

284 676 323 728 At
334 694 410 745 sapor
422 677 549 728 indicium
562 676 642 728 faciet
653 677 816 744 manifestus,
829 683 856 728 et
869 694 914 730 ora

285 745 383 798 Tristia
394 751 547 798 tentantum
560 761 637 797 sensu
649 746 781 813 torquebit
794 763 898 798 amaror.

285 813 396 882 Pinguis
408 816 473 867 item
485 832 542 883 quae
555 815 590 866 sit
602 815 688 881 tellus,
701 815 750 866 hoc
762 815 875 882 denique
887 820 965 883 pacto

284 883 432 937 Discimus:
450 884 523 936 haud
535 900 653 950 unquam
665 884 787 936 manibus
796 885 900 952 jactata
910 884 1019 951 fatiscit,

284 953 335 1007 Sed
348 954 413 1022 picis
425 953 454 1006 in
465 970 563 1005 morem
576 953 609 1004 ad
622 953 719 1020 digitos
731 953 853 1005 lentescit
865 953 991 1007 habendo.

284 1022 404 1075 Humida
415 1024 524 1089 majores
536 1022 629 1075 herbas
641 1023 698 1089 alit,
710 1023 818 1090 ipsaque
826 1025 899 1090 justo

284 1092 386 1146 Laetior.
421 1091 465 1143 Ah
476 1092 588 1142 nimium
600 1108 634 1142 ne
646 1092 681 1143 sit
692 1092 758 1143 mihi
770 1092 865 1143 fertilis
877 1093 930 1159 illa,

283 1161 309 1214 N
310 1179 344 1214 eu
355 1178 382 1214 se
394 1160 563 1230 prevalidam
575 1160 666 1229 primis
679 1161 800 1213 ostendat
812 1162 915 1214 aristis!

284 1229 348 1294 Quae
360 1231 448 1298 gravis
460 1235 507 1297 est,
518 1230 575 1298 ipso
587 1230 697 1282 tacitam
709 1246 736 1282 se
747 1231 861 1298 pondere
872 1231 967 1299 prodit,

284 1300 400 1369 Quaeque
411 1299 483 1353 levis.
519 1300 656 1352 Ptomtum
668 1305 709 1351 est
720 1300 802 1352 oculis
815 1300 966 1369 praediscere
979 1301 1057 1368 nigra

283 1367 318 1422 Et
348 1369 389 1421 uis
401 1369 445 1421 cui
457 1369 533 1421 color.
569 1369 605 1421 At
618 1369 774 1421 sceleratum
786 1370 921 1438 exquirere
933 1370 1018 1437 frigus

282 1437 315 1490 D'
346 1438 395 1491 cilo
407 1444 463 1491 est:
481 1439 560 1506 piceae
573 1443 687 1503 tantum,
699 1438 809 1505 taxique
821 1445 944 1491 nocentes

283 1507 428 1574 Interdum,
439 1513 488 1559 aut
500 1507 602 1559 hederae
613 1506 736 1575 pandunt
748 1508 859 1575 vestigia
871 1509 960 1576 nigrae.

317 1576 367 1628 His
379 1575 573 1643 animadversis,
586 1583 684 1627 terram
696 1577 780 1628 multo
792 1584 854 1629 ante
866 1589 997 1629 memento

281 1643 441 1713 Excoquere,
454 1650 481 1697 et
493 1661 601 1709 magnos
613 1644 746 1697 scrobibus
759 1647 894 1698 concidere
905 1654 1014 1712 montes,

280 1713 352 1766 Ante
364 1715 499 1783 supinatas
513 1715 638 1782 Aquiloni
651 1717 788 1769 ostendere
800 1715 897 1784 glebas,

282 1782 368 1847 Quam
379 1784 470 1836 laetum
482 1783 594 1836 infodias
607 1785 668 1836 vitis
681 1800 771 1851 genus.
808 1786 914 1852 Optima
926 1785 999 1853 putri

279 1851 353 1906 Arva
365 1853 434 1906 solo:
451 1852 479 1904 id
492 1852 565 1905 venti
578 1858 680 1921 curant,
691 1854 835 1922 gelidaque
847 1855 955 1921 pruinae,

279 1919 317 1976 Et
328 1922 459 1975 labefacta
471 1939 577 1974 movens
589 1923 711 1974 robustus
719 1924 814 1990 jugera
826 1923 913 1976 fossor.

278 1990 317 2044 At
329 1991 352 2044 si
364 2009 427 2060 quos
439 1991 512 2043 haud
523 1992 579 2044 ulla
591 1992 659 2043 viros
671 1991 811 2058 vigilantia
822 1993 901 2060 fugit,

279 2060 305 2114 A
324 2066 351 2113 te
363 2061 450 2113 locum
462 2061 574 2113 similem
587 2062 737 2128 exquirunt,
750 2062 797 2113 ubi
809 2062 894 2130 prima
906 2074 1013 2129 paretur

279 2130 423 2183 Arboribus
435 2146 514 2196 seges,
527 2135 554 2181 et
566 2147 617 2197 quo
629 2147 690 2182 mox
703 2131 805 2197 digesta
816 2132 934 2195 feratur;

278 2196 413 2252 Mutatam
424 2199 547 2267 ignorent
556 2199 642 2251 subito
654 2217 688 2250 ne
700 2200 799 2252 semina
810 2205 928 2253 matrem

280 2267 350 2332 Quin
362 2269 442 2321 etiam
454 2267 513 2320 coeli
524 2268 657 2335 regionem
668 2269 698 2320 in
710 2269 805 2321 cortice
817 2270 939 2337 signant:

278 2335 324 2404 Ut,
337 2354 387 2406 quo
400 2354 507 2407 quaeque
519 2337 595 2389 modo
608 2338 717 2404 steterit,
731 2354 784 2404 qua
796 2345 870 2408 parte
883 2339 980 2392 calores

277 2404 417 2459 Austrinos
429 2406 528 2474 tulerit,
541 2424 598 2476 quae
611 2413 686 2474 terga
698 2407 840 2460 obverterit
851 2408 904 2475 axi,

278 2473 448 2530 Restituunt:
465 2476 530 2529 adeo
543 2478 572 2528 in
584 2477 681 2529 teneris
693 2493 858 2529 consuescere
869 2478 983 2530 multum
996 2486 1043 2532 cst.

278 2543 393 2597 Collibus
406 2562 440 2597 an
452 2545 531 2614 plano
543 2545 636 2597 melius
649 2546 684 2597 sit
695 2563 790 2614 ponere
803 2547 891 2614 vitem,

278 2612 371 2677 Quare
383 2615 455 2682 prius
465 2632 471 2667 :
490 2614 512 2666 si
524 2615 630 2682 pinguis
642 2632 718 2682 agros
730 2616 861 2668 metabere
874 2618 967 2685 campi,

274 2682 366 2734 Densa
378 2700 450 2748 scre3
468 2683 496 2734 in
509 2684 588 2736 denso
600 2701 653 2735 non
665 2685 769 2749 segnior
781 2685 859 2738 ubere
871 2687 998 2740 Bacchus,

256 2745 310 2797 Hirr
323 2752 439 2803 tumulis
448 2753 553 2807 acclive
565 2753 652 2807 solum
661 2753 793 2825 collesque
804 2755 919 2824 supinos,

236 2803 367 2881 ffidsssffe
378 2821 525 2879 ordinibus
536 2844 547 2892 ,-
564 2844 618 2881 nec
631 2827 723 2882 secius
734 2826 822 2882 omnis
832 2826 864 2880 ‘m
874 2842 994 2894 unguem
