2700 3242
270 292 326 344 394
499 289 528 343 P.
547 288 701 342 VIRGILII
720 287 881 340 MARONlS
951 365 956 374 ¹

273 394 349 457 Quod
360 395 383 444 si
394 391 446 444 alio
455 391 546 459 quovis
558 390 645 442 animo
654 389 764 457 jactaris
776 406 905 455 amore,-

272 463 341 514 Nam
353 468 380 513 te
388 460 491 530 jactari,
504 476 558 512 non
569 465 609 511 est
620 458 778 511 Arnathusia
789 459 872 511 nostri
952 473 967 531 ,¹

272 532 338 583 Tam
349 530 429 596 rudis,
441 535 473 581 ut
484 529 558 581 nullo
570 528 666 596 possim
678 545 830 595 cognoscere
842 529 916 596 signo
926 547 970 594 ;-

273 600 301 652 Si
314 616 449 652 concessus
461 615 533 650 amor
545 599 607 649 ndto
618 603 646 649 to
657 603 773 650 macerat
785 598 846 664 igue
856 616 864 661 ;

274 669 324 721 Per
336 667 386 721 tibi
398 669 538 735 Dictynnae
551 667 691 737 praesentia
703 667 814 719 numina
822 669 890 735 juro,

273 738 364 791 Prima
376 737 456 790 deirm
468 754 527 804 ques
539 742 566 788 te
577 735 644 787 mihi
656 736 761 788 dulcem
774 737 855 789 donat
867 737 1011 804 alumnum,

276 807 371 860 Omnia
382 823 424 858 me
436 806 524 875 potius
536 806 617 873 digua
629 812 709 873 atque
721 806 778 857 indi
843 805 964 859 laborum

275 875 364 928 Millio
375 876 498 942 visuram,
508 892 589 950 quam
600 881 628 927 to
640 881 697 927 tam
708 876 779 927 tristi
796 893 828 927 us
839 875 897 928 istis

276 944 401 998 Sordibus
414 951 441 997 et
453 945 535 997 scoria
546 945 633 1014 patiar
645 944 777 998 tabescere
788 941 859 998 tali?

312 1015 377 1066 Haec
389 1014 519 1082 loquitur:
537 1014 663 1081 mollique
675 1020 707 1067 ut
719 1031 746 1066 se
758 1014 857 1067 velavit
868 1014 976 1083 amictu,
1068 1017 1119 1068 250

276 1083 442 1151 Frigidulam
453 1084 551 1152 injecta
563 1083 710 1136 circumdat
722 1090 793 1137 veste
805 1085 928 1152 puellam,

278 1153 342 1217 Quae
354 1153 426 1221 prius
438 1152 554 1205 intonui
566 1158 675 1205 steterat
687 1154 821 1205 succincta
832 1171 934 1208 corona

277 1221 374 1274 Dulcia
385 1222 480 1274 deinde
492 1222 565 1290 genis
577 1223 726 1274 rorantibus
738 1223 826 1275 oscula
837 1223 928 1292 figens,

278 1291 451 1360 Persequitur
461 1292 563 1344 miserae
576 1309 667 1344 causas
679 1293 816 1360 exquirere
828 1292 896 1345 tabis
907 1312 914 1357 ;

280 1362 306 1414 N
307 1380 336 1414 ec
348 1367 438 1414 tamen
450 1367 512 1413 ante
523 1361 592 1413 ullas
604 1362 707 1430 patitur
718 1361 768 1413 sibi
779 1362 886 1414 reddere
898 1379 981 1428 voces,

279 1429 456 1483 Marmoreum
468 1431 641 1482 tremebunda
652 1431 746 1499 pedem
758 1448 838 1499 quam
849 1432 942 1485 retulit
953 1434 1033 1486 intra

279 1499 332 1552 Illa
344 1506 439 1565 autem,
452 1501 546 1566 “Quid
555 1518 625 1552 nunc
634 1499 701 1563 me‚”
713 1500 808 1564 inquit,
821 1504 837 1526 “
844 1503 987 1567 nutricula,
996 1502 1122 1572 torques?

281 1566 350 1630 Quid
363 1572 469 1620 tantum
481 1584 602 1635 properas
613 1573 715 1619 nostros
726 1567 828 1620 novisse
839 1569 938 1622 furores
948 1569 959 1623 1

280 1635 306 1688 Ν
307 1655 340 1688 on
353 1653 400 1704 ego
413 1641 535 1688 consueto
547 1636 701 1688 mortalibus
712 1654 774 1688 uror
785 1654 879 1703 amore,

280 1705 307 1757 N
308 1724 336 1758 ec
348 1706 414 1758 mihi
426 1712 547 1757 notorum
560 1706 704 1758 deflectunt
715 1706 817 1758 lumine
828 1707 926 1774 vultus,
1070 1710 1121 1762 260

281 1775 336 1827 Nec
349 1776 451 1843 genitor
463 1775 534 1826 cordi
546 1783 601 1828 est:
619 1775 690 1826 ultro
701 1793 814 1842 namque
826 1776 928 1828 odimus
939 1793 1037 1831 omnes

281 1844 327 1895 Nil
340 1852 411 1896 amat
423 1844 466 1895 hic
479 1844 589 1910 animus,
602 1845 702 1909 nutrix,
715 1846 784 1912 quod
796 1852 898 1913 oportet
909 1847 1001 1914 amari,

283 1913 316 1965 In
329 1931 379 1981 quo
391 1913 458 1966 falsa
469 1919 559 1966 tamen
571 1914 653 1966 lateat
665 1915 772 1981 pietatis
784 1915 887 1982 imago:

283 1982 334 2035 Sed
346 1983 432 2035 media
445 2000 477 2035 ex
490 1984 546 2036 acie
558 1984 651 2035 mediis
664 2001 698 2034 ex
710 1983 835 2036 hostibus.
865 1984 933 2050 Heu,
946 1984 1008 2052 heu,

284 2052 354 2115 Quid
366 2052 452 2104 dicam
462 2052 472 2104 1
491 2070 574 2121 quove
586 2053 643 2120 ipsa
655 2053 755 2104 malum
767 2054 948 2106 hoc-exordiar
961 2055 1025 2108 1111

283 2120 377 2173 Dicam
389 2122 518 2189 equidem,
526 2124 650 2189 quoniam
664 2122 727 2189 quid
740 2129 771 2174 tu
783 2123 831 2174 tibi
845 2123 936 2187 dicere,
949 2125 1051 2192 nutrix,

283 2190 343 2241 Non
356 2191 436 2254 sinis3
454 2198 600 2242 extremum
613 2192 662 2243 hoc
673 2209 771 2243 munus
782 2193 916 2244 morientis
928 2193 1032 2249 habeto.

286 2259 342 2326 Ille,
355 2260 434 2326 vides,
447 2261 542 2312 nostris
555 2262 600 2328 qui
612 2261 741 2312 moenibus
754 2262 851 2315 assidet
863 2263 951 2329 hostis,
1020 2314 1024 2323 ,

285 2330 369 2392 Quem
381 2336 455 2397 pater
467 2330 522 2398 ipse
535 2331 613 2382 deum
626 2331 721 2398 sceptri
734 2332 842 2383 donavit
854 2332 957 2399 honore,

286 2399 334 2450 Oui
347 2399 436 2451 Parcae
448 2399 562 2451 tribuere
574 2417 622 2451 nec
634 2400 689 2451 ullo
702 2401 810 2452 vulnere
822 2401 926 2466 laedi‚-
1074 2405 1124 2457 270

285 2468 432 2520 Dicendum
445 2474 490 2534 est,
500 2469 599 2520 frustra
611 2470 790 2522 circumvchor
802 2470 889 2521 omnia
901 2470 1023 2523 verbis—

286 2537 334 2588 Ille
347 2556 412 2604 mea,
425 2538 470 2588 1111
482 2539 552 2589 idem
564 2545 701 2607 oppugnat
713 2541 856 2607 praecordia
868 2540 962 2593 Minos.

281 2609 359 2675 Quod
373 2615 399 2665 11
412 2627 460 2682 per
472 2608 565 2663 divum
576 2609 675 2661 crebros
689 2608 803 2660 obtestor
814 2627 921 2675 amoreS,

270 2683 381 2757 Perque
395 2691 479 2742 tuum
491 2681 619 2739 memoris
626 2680 757 2734 haustum
762 2679 930 2755 milixqectus
940 2678 1063 2748 alumna,

268 2757 305 2812 Ut
319 2778 375 2834 me,
390 2761 417 2817 si
433 2777 547 2817 servare
557 2761 647 2831 potes,
655 2769 694 2806 ue
703 2748 814 2818 ustdffi
820 2745 908 2794 mlx*-

255 2831 310 2890 51¹1]
327 2843 439 2895 autem
453 2838 566 2911 optata
580 2844 647 2903 spes
657 2830 703 2880 est
711 2818 802 2872 iuc'ise.
811 2811 918 2866 alueis„
