2700 3242
275 295 328 348 ³76
509 299 538 353 Ρ.
552 298 708 351 VIRGILII
726 298 889 351 MARONIS

276 402 372 456 Sancte
384 419 468 471 puer:
487 400 537 454 tibi
548 417 662 468 namque
674 401 747 453 canit
759 417 812 452 non
823 400 922 468 pagina
933 399 1043 467 bellum,

276 470 392 539 Phlegra
405 471 534 539 Giganteo
547 488 635 538 sparsa
647 477 687 522 est
699 487 751 538 quo
764 469 891 536 sanguine
904 469 991 536 tellus,

276 540 333 593 Nec
346 540 503 592 Centaureos
516 539 642 608 Lapithas
655 539 789 607 compellit
801 539 830 590 in
842 555 933 602 enses;

276 609 338 661 Urit
350 609 535 662 Erichthonias
548 609 640 661 Oriens
651 626 705 660 non
717 607 823 675 ignibus
835 624 906 659 arces
916 627 924 671 ;

275 677 337 731 Non
349 678 480 746 perfossus
492 677 576 729 Athos
588 695 636 729 nec
648 694 745 745 magno
757 676 865 730 vincula
877 677 961 729 Ponto

276 747 297 799 J
297 753 364 812 acta,
376 764 434 799 meo
447 751 567 815 quaerent
574 747 632 814 jam
645 764 702 798 sera
713 746 847 799 volumine
858 746 957 798 famam
968 765 976 810 ;

275 813 337 868 Non
349 815 537 884 Hellespontus
549 816 659 883 pedibus
671 815 793 884 pulsatus
806 832 938 882 equorum,

277 884 379 936 Graecia
390 902 472 953 quum
484 885 576 936 timuit
587 885 722 937 venientes
735 884 852 951 undique
864 884 972 938 Persas:

275 953 370 1005 Mollia
382 954 427 1006 sed
439 953 514 1006 tenui
526 970 676 1021 percurrere
690 954 806 1005 carmina
817 970 902 1020 versu,

277 1021 385 1074 Viribus
397 1028 461 1091 apta
474 1023 535 1089 suis,
548 1021 646 1074 Phoebo
659 1022 733 1089 duce,
745 1021 835 1074 ludere
848 1023 954 1089 gaudet.

276 1089 314 1144 Et
325 1097 364 1159 tu,
377 1097 467 1144 sancte
478 1108 551 1160 puer,
564 1091 729 1158 venerabilis,
742 1097 769 1143 et
781 1091 831 1142 tibi
843 1097 926 1144 certet

277 1160 366 1214 Gloria
378 1167 537 1229 perpetuum
548 1160 615 1212 lucis
627 1178 753 1213 mansura
765 1178 811 1229 per
824 1176 929 1225 avum3

276 1229 312 1282 Et
324 1229 374 1282 tibi
386 1231 446 1282 sede
459 1230 504 1299 pia
515 1235 622 1281 maneat
634 1230 714 1297 locus,
727 1236 754 1282 et
765 1230 815 1282 tibi
828 1247 914 1299 sospes

276 1297 373 1351 Debita
384 1299 474 1351 felices
485 1305 645 1352 memoretur
656 1300 713 1352 vita
724 1317 772 1368 per
783 1316 872 1364 annos,

277 1367 359 1420 Grata
371 1368 445 1421 bonis
457 1369 554 1422 lucens.
591 1368 642 1421 Sed
654 1386 701 1420 nos
713 1368 747 1421 ad
760 1375 846 1436 coepta
857 1369 981 1422 feramur.

312 1437 412 1504 Igneus
421 1438 542 1490 aetherias
550 1439 608 1506 jam
620 1438 664 1490 sol
675 1443 827 1506 penetrarat
838 1438 868 1489 in
879 1454 959 1507 arces,

233 1549 242 1564 .
277 1505 447 1575 Candidaque
458 1512 551 1560 aurato
565 1508 702 1575 quatiebat
714 1507 816 1558 lumina
828 1524 915 1574 curru,

277 1575 398 1628 Crinibus
411 1582 438 1629 et
450 1576 529 1629 roseis
541 1577 662 1629 tenebras
675 1579 776 1628 Aurora
788 1576 912 1644 fugarat:

277 1644 400 1713 Propulit
411 1651 444 1697 ut
456 1645 613 1698 stabulis-ad
625 1646 724 1714 pabula
736 1645 798 1698 laeta
810 1645 924 1714 capellas

277 1712 378 1782 Pastor,
391 1720 418 1766 et
430 1714 526 1767 excelsi
538 1716 636 1767 montis
644 1717 712 1782 juga
725 1733 827 1766 summa
838 1716 942 1784 petivit,

278 1783 379 1835 Lucida
392 1800 445 1851 qua
456 1783 561 1851 patulos
573 1784 698 1837 velabant
710 1785 830 1851 gramina
842 1783 926 1836 colles.

276 1852 340 1904 Jam
353 1853 424 1905 silvis
437 1853 575 1920 dumisque
587 1870 662 1920 vagae
671 1855 729 1921 jam
742 1853 854 1906 vallibus
866 1853 969 1905 abdunt

277 1921 390 1989 Corpora
397 1941 404 1985 3
419 1923 527 1990 jamque
540 1923 611 1974 omni
624 1923 719 1974 celeres
732 1940 746 1974 e
758 1929 833 1990 parte
845 1928 972 1990 vagantes

277 1989 392 2058 Scrupea
404 1991 511 2043 desertae
523 1997 667 2059 perrepunt
680 1992 713 2043 ad
727 2009 792 2044 cava
803 1993 883 2060 rupis.

276 2059 430 2111 Tondentur
442 2066 531 2112 tenero
544 2061 688 2113 viridantia
700 2061 821 2128 gramina
832 2078 927 2127 morsu,
1014 2064 1023 2083 ⁸

276 2127 398 2180 Pendula
409 2130 532 2198 projectis
545 2135 692 2198 carpuntur
704 2136 731 2182 et
743 2130 838 2183 arbuta
849 2131 936 2197 ramis,

276 2196 416 2265 Densaque
428 2199 552 2266 virgultis
564 2199 641 2252 avide
653 2199 773 2251 labrusca
785 2206 921 2267 petuntur.

276 2265 342 2317 Haeo
354 2285 478 2348 suspensa
490 2269 560 2336 rapit
572 2274 696 2336 carpente
708 2269 846 2321 cacumina
857 2287 946 2320 morsu

277 2333 326 2387 Vel
338 2336 425 2388 salicis
437 2336 523 2404 lenta,
536 2337 578 2390 vel
591 2354 649 2406 quae
661 2356 730 2390 nova
742 2339 860 2390 nascitur
872 2339 948 2390 alnus
955 2358 963 2402 ;

275 2404 341 2457 Haec
353 2412 456 2457 teneras
465 2407 593 2458 fruticum
606 2413 692 2459 sentes
704 2408 817 2459 rimatur
824 2427 831 2470 ;
850 2414 879 2459 at
890 2409 937 2459 illa

225 2516 229 2524 .
276 2471 401 2526 Imminet
413 2476 442 2526 in
454 2476 504 2527 rivi
517 2477 666 2543 praestantis
679 2477 802 2544 imaginis
815 2478 921 2528 undam.

311 2543 332 2595 Ο
345 2545 413 2595 bona
426 2546 544 2612 pastoris,
557 2546 579 2596 si
591 2547 650 2613 quis
662 2563 715 2597 non
727 2547 850 2614 pauperis
863 2564 942 2597 usum

275 2610 367 2663 Mente
379 2613 452 2680 prius
465 2615 542 2666 docta
551 2615 679 2682 fastidiat,
693 2621 720 2667 et
732 2616 824 2682 probet
836 2616 889 2666 illis

270 2680 368 2736 Omnia
379 2681 495 2737 luxuriae
508 2684 599 2755 pretiis
612 2685 748 2752 incognita
761 2684 836 2751 curis,

258 2753 328 2820 Qua
338 2756 466 2814 lacerant
480 2758 576 2815 avidas
587 2755 697 2812 inimico
707 2759 812 2826 pectore
820 2759 930 2805 mentes.

245 2823 279 2884 Si
288 2847 347 2889 non
362 2833 486 2910 Assyrio
499 2833 608 2892 fuerint
618 2831 666 2889 bis
674 2829 758 2885 lauta
768 2825 863 2888 colore,
