2700 3242
690 260 795 311 208
1157 256 1216 311 P.
1242 256 1556 311 VIRGILII
1591 257 1850 312 MARON
1851 258 1918 313 IS

689 357 763 411 Et
786 358 980 426 Metus,
1005 362 1060 411 et
1083 358 1388 411 malesuada
1411 359 1612 426 Fames,
1637 375 1701 411 ac
1725 359 1900 428 turpis
1923 358 2166 429 Egestas,
2165 388 2244 401 -—-

690 427 965 480 Terribiles
989 428 1107 480 visu
1130 429 1311 480 formae
1313 428 1706 509 s-Letumque‚
1731 428 2038 496 Labosque3

692 496 830 548 Tum
853 497 1274 564 consanguineus
1298 496 1418 549 Leti
1443 497 1617 564 Sopor,
1644 502 1699 548 et
1721 497 1863 549 mala
1886 498 2081 550 mentis

692 566 914 632 Gaudia,
937 567 1372 633 mortiferumque
1395 565 1653 618 adverso
1638 583 1696 616 m
1720 566 1904 618 limine
1928 566 2158 631 Bellum,

691 635 969 703 Ferreique
992 634 1346 687 Eumenidum
1373 634 1610 702 thalami,
1635 640 1690 686 et
1713 635 1987 687 Discordia
2011 635 2248 706 demens,
2285 642 2331 691 22

693 704 976 772 Vipereum
1001 705 1198 756 crinem
1222 704 1373 756 vittis
1394 703 1592 755 innexa
1616 704 1862 756 cruentis,

765 775 830 825 In
854 774 1024 825 medio
1048 791 1217 825 ramos
1241 789 1541 840 annosaque
1566 772 1782 824 brachia
1804 772 1994 840 pandit

691 842 879 895 Ulmus
904 859 1080 910 opaca,
1106 842 1326 909 ingens3
1363 859 1525 909 quam
1550 841 1724 893 sedem
1749 841 1964 894 Somnia
1988 841 2153 910 vulgo

696 912 849 964 Vana
875 917 1052 964 tenere
1074 912 1271 978 ferunt,
1294 881 1540 978 f'omsque
1565 911 1662 962 sub
1686 909 1929 964 omnibus
1951 910 2175 967 haerent.

691 980 971 1048 Multaque
995 985 1247 1049 praeterea
1271 980 1537 1032 variarum
1560 985 1796 1031 monstra
1817 980 2065 1047 ferarum,

693 1050 982 1103 Centauri
966 1067 1024 1100 m
1046 1049 1245 1101 foribus
1270 1047 1555 1116 stabulant,
1582 1048 1877 1117 Scyllaeque
1901 1048 2164 1118 biformes,

691 1119 765 1172 Et
789 1119 1243 1186 centumgeminus
1267 1118 1525 1184 Briareus,
1550 1134 1612 1170 ac
1636 1117 1812 1170 bellua
1837 1118 2018 1171 Lernae

697 1188 751 1240 H
755 1189 1034 1241 orrendum
1059 1188 1297 1255 stridens,
1320 1186 1650 1255 flammisque
1674 1193 1877 1239 armata
1903 1187 2178 1253 Chimaera,

694 1258 971 1325 Gorgones,
998 1257 1371 1325 Harpyiaeque,
1396 1262 1450 1309 et
1473 1257 1642 1308 forma
1665 1257 1965 1324 tricorporis
1989 1258 2208 1312 umbroe.

693 1327 920 1395 Corripit
943 1327 1031 1378 hic
1057 1327 1232 1379 subita
1257 1326 1493 1394 trepidus
1516 1326 1796 1378 formidine
1819 1326 2019 1378 ferrum
2281 1332 2331 1382 25

692 1397 900 1462 AEneas,
926 1397 1268 1464 strictamque
1292 1396 1460 1448 aciem
1485 1395 1818 1447 venientibus
1842 1395 1993 1447 offert
2013 1414 2028 1460 3

692 1465 779 1533 Et,
803 1466 861 1517 ni
886 1466 1041 1518 docta
1064 1483 1234 1518 comes
1259 1471 1444 1517 tenues
1469 1464 1580 1515 sine
1605 1471 1816 1532 corpore
1842 1465 1979 1516 vitas

692 1535 989 1587 Admoneat
1012 1535 1232 1586 volitare
1256 1552 1387 1586 cava
1412 1533 1507 1585 sub
1533 1533 1763 1600 imagine
1785 1534 1984 1598 formae,

693 1604 886 1671 Irruat,
912 1609 966 1655 et
989 1603 1187 1655 frustra
1208 1604 1344 1655 ferro
1372 1602 1666 1654 diverberet
1689 1601 1916 1655 umbras

763 1674 907 1725 Hinc
930 1673 1031 1738 via,
1059 1673 1296 1724 Tartarei
1318 1690 1440 1740 quae
1465 1673 1570 1723 fert
1594 1672 1905 1723 Acherontis
1930 1671 1998 1723 ad
2022 1672 2233 1728 undas:

692 1742 955 1794 Turbidus
978 1742 1065 1793 hic
1091 1759 1235 1794 coeno
1259 1747 1512 1809 vastaque
1535 1741 1783 1807 voragine
1807 1758 1999 1808 gurges

691 1812 920 1877 AEstuat‚
945 1817 1105 1878 atque
1129 1828 1335 1862 omnem
1362 1811 1553 1878 Cocyto
1577 1815 1782 1861 eructat
1806 1827 2033 1862 arenam.

692 1880 923 1933 Portitor
945 1882 1040 1933 has
1064 1880 1352 1932 horrendus
1377 1897 1540 1948 aquas
1564 1885 1618 1930 et
1641 1879 1862 1930 flumina
1885 1884 2055 1932 servat

692 1950 935 2003 Terribili
960 1951 1198 2018 squalore
1223 1949 1461 2002 Charon:
1498 1948 1583 2000 cui
1608 1948 1838 2015 plurima
1860 1954 2039 2000 mento

692 2020 921 2073 Canities
946 2020 1150 2071 inculta
1166 2022 1344 2087 jacet;
1383 2023 1527 2070 stant
1551 2017 1755 2069 lumina
1777 2017 2024 2081 flamma;
2279 2024 2331 2074 3(

691 2087 943 2141 Sordidus
965 2106 1031 2141 ex
1054 2088 1286 2140 humeris
1311 2087 1446 2138 nodo
1472 2086 1733 2153 dependet
1756 2086 1994 2138 amictus.

761 2176 814 2211 se
837 2164 1006 2239 ratem
1030 2164 1183 2211 conto
1208 2156 1407 2224 subigit
1431 2155 1663 2223 velisque
1688 2155 1972 2223 ministrat,

691 2158 763 2280 Ἐξ)
786 2229 986 2295 fex-rugi
987 2245 1087 2279 nea
1110 2226 1385 2279 subvectat
1409 2241 1622 2293 corpora
1645 2224 1834 2291 cymba

690 2298 730 2349 J
732 2315 818 2350 am
844 2297 1046 2360 senior3
1083 2295 1173 2348 sed
1197 2295 1362 2347 cruda
1385 2294 1481 2345 deo
1505 2293 1790 2361 viridisque
1815 2297 2070 2348 senectus.

691 2365 816 2418 Huc
841 2366 1009 2418 omnis
1033 2365 1190 2418 turba
1214 2364 1282 2416 ad
1305 2364 1446 2431 ripas
1471 2363 1634 2415 effusa
1657 2361 1860 2430 ruebat,

690 2433 891 2488 Matres
915 2441 1075 2502 atque
1099 2434 1215 2500 viri,
1240 2433 1594 2513 defunctaque
1618 2448 1834 2500 corpora
1857 2431 1970 2484 vita

690 2503 1097 2572 Magnanimum
1120 2503 1351 2569 heroum,
1377 2502 1528 2569 pueri
1551 2501 1894 2569 innuptaeque
1918 2500 2127 2569 pucllae,

691 2573 1039 2641 Impositique
1061 2572 1200 2653 rogis
1217 2573 1442 2638 juvenes
1466 2576 1591 2622 ante
1615 2587 1706 2622 ora
1729 2575 2043 2638 parentum:

691 2643 861 2705 Quam
886 2641 1096 2693 multa
1080 2659 1139 2692 ιιι
1164 2641 1308 2694 silvis
1333 2640 1609 2692 auctumni
1631 2640 1824 2707 frigore
1848 2640 2017 2707 primo

656 2710 842 2781 Lapsa
867 2712 1075 2767 cadunt
1099 2711 1266 2780 folia;
1305 2714 1402 2767 aut
1425 2710 1498 2765 ad
1517 2715 1715 2764 terram
1737 2708 1948 2776 gurgite
1970 2708 2039 2761 ab
2061 2708 2172 2761 alto
2271 2714 2331 2765 31

636 2781 819 2847 Quam
840 2786 1048 2842 multae
1071 2787 1466 2860 glomerantur
1491 2799 1637 2852 aves,
1656 2779 1756 2833 ubi
1770 2777 2005 2847 ingiam
2019 2794 2194 2829 amm-s
