2700 3242
338 314 374 365 ,58
551 309 582 364 P.
600 309 756 364 VIRGILII
774 306 936 362 MARONIS

329 413 426 479 dgmen
438 410 510 480 agit;
527 410 602 464 densi
614 411 705 463 cuneis
717 428 744 462 se
756 409 867 477 quisque
879 408 977 460 coactis

323 480 520 548 Agglomerant.
549 480 623 532 Ferit
635 497 696 532 ense
708 496 816 547 gravem
828 477 1000 545 Thymbraeus
1014 476 1120 545 Osirim,

323 549 479 601 Archetium
492 549 655 615 Mnestheus,
668 549 816 616 Epulonem
828 545 969 598 obtruncat
982 547 1106 614 Achates,

323 617 500 686 Ufentemque
513 619 598 686 Gyas3
616 619 688 670 cadit
700 618 756 686 ipse
768 616 922 668 Tolumnius
934 633 1029 684 augur,
1118 620 1148 669 4(

322 685 428 739 Primus
440 689 469 739 in
481 688 601 739 adversos
613 687 698 738 telum
710 686 757 755 qni
769 692 880 738 torserat
892 686 986 739 hostes.

322 755 437 808 Tollitur
448 757 477 808 in
489 756 585 808 coelum
597 756 702 820 clamor,
712 755 832 823 versique
844 755 959 807 vicissim

323 822 514 877 Pulverulenta
525 826 590 892 fuga
603 825 698 877 Rutuli
710 825 776 876 dant
788 832 863 891 terga
874 841 922 892 per
933 840 1017 891 agros.

323 892 338 944 Ι
358 912 384 945 se
395 912 481 962 neque
492 911 595 946 aversos
607 892 734 961 dignatur
745 901 860 945 sternere
871 894 967 956 morti;

350 980 378 1014 ec
390 964 456 1031 pede
468 980 616 1030 congressos
629 980 712 1030 aequo,
725 980 773 1015 nec
785 962 840 1014 tela
850 963 964 1014 ferentes

323 1030 491 1112 Insequitur:
510 1032 594 1083 solum
607 1032 688 1084 densa
700 1033 728 1084 in
741 1032 853 1098 caligine
866 1032 985 1082 Turnum

323 1099 446 1167 Vestigat
457 1101 580 1167 lustrans,
593 1101 679 1152 solum
691 1101 720 1152 in
733 1101 877 1153 certamina
888 1100 979 1168 poscit.

322 1167 382 1221 Hoc
394 1187 517 1222 concussa
529 1176 603 1222 metu
614 1176 731 1222 mentem
743 1170 863 1222 Juturna
874 1170 964 1236 virago

322 1238 452 1306 Aurigam
464 1238 547 1290 Turni
558 1239 646 1291 media
658 1240 728 1291 inter
739 1239 795 1290 lora
808 1239 950 1290 Metiscum

322 1307 441 1374 Excutit,
454 1314 481 1360 et
493 1308 570 1375 longe
582 1308 687 1376 lapsum
699 1314 803 1360 temone
814 1308 958 1374 relinquit:
1117 1311 1148 1363 47

323 1375 387 1444 Ipsa
399 1376 477 1443 subit,
490 1377 663 1445 manibusque
675 1378 807 1429 undantes
819 1377 904 1428 flectit
915 1377 1039 1444 habenas,

323 1445 425 1499 Cuncta
436 1463 536 1513 gerens,
549 1464 692 1514 vocemque
704 1452 732 1498 et
744 1464 837 1514 corpus
850 1452 877 1497 et
889 1463 962 1497 arma
975 1446 1090 1502 Metisci.

321 1513 406 1582 Nigra
417 1515 491 1568 velut
502 1533 612 1582 magnas
625 1516 724 1567 domini
737 1533 819 1584 quum
831 1515 921 1566 divitis
934 1515 1004 1567 aedes

322 1582 446 1636 Pervolat
458 1591 485 1636 et
497 1585 590 1653 pennis
602 1586 657 1637 alta
670 1586 739 1637 atria
751 1585 847 1636 lustrat
859 1584 980 1651 hirundo,

322 1651 425 1705 Pabula
436 1670 518 1722 parva
529 1654 626 1720 legens,
638 1654 760 1722 nidisque
772 1653 926 1720 loquacibus
938 1671 1010 1705 escas
1020 1673 1028 1716 ;

321 1721 358 1774 Et
370 1739 442 1774 nunc
454 1723 597 1790 porticibus
610 1724 708 1787 vacuis,
721 1740 793 1775 nunc
805 1723 915 1774 humida
928 1723 1029 1775 circum

322 1790 423 1858 Stagna
435 1798 526 1845 sonat:
545 1793 637 1843 similis
649 1793 748 1844 medios
760 1793 879 1844 Juturna
891 1809 937 1859 per
949 1792 1039 1844 hostes

321 1859 418 1913 Fertur
430 1862 511 1928 equis,
523 1862 667 1929 rapidoque
680 1862 770 1914 volans
783 1861 837 1913 obit
850 1862 937 1912 omnia
950 1879 1048 1925 curru;

321 1928 437 1998 Jamque
449 1931 493 1982 hic
505 1948 668 1998 germanum,
677 1933 786 1998 jamque
798 1931 841 1982 hic
854 1936 969 1982 ostentat
982 1939 1106 1985 ovantem

321 1998 377 2051 Nec
390 2000 505 2051 conferre
517 2017 626 2051 manum
638 2002 758 2068 patit1u3
777 2001 848 2052 volat
860 2000 920 2051 avia
932 2000 1017 2068 longe.

321 2066 404 2120 Haud
416 2069 504 2120 minus
516 2069 613 2121 AEneas
626 2077 708 2122 tortos
721 2070 786 2136 legit
799 2070 890 2121 obvius
902 2069 983 2135 orbes,

321 2136 495 2206 Vestigatque
508 2139 602 2204 virum,
615 2145 642 2190 et
655 2140 765 2206 disjecta
777 2157 824 2206 per
836 2139 942 2205 agmina
953 2157 1053 2206 magna

321 2205 391 2259 Voce
404 2213 487 2261 vocat.
518 2208 624 2271 Quoties
637 2209 724 2260 oculos
737 2209 848 2274 conjecit
860 2208 888 2258 in
900 2208 1010 2275 hostem,

320 2275 514 2344 Alipedumque
526 2278 618 2344 fugam
631 2295 710 2328 cursu
723 2278 838 2329 tentavit
850 2295 992 2345 equorum;

321 2345 431 2398 Aversos
443 2347 521 2398 toties
533 2364 624 2398 currus
636 2347 756 2399 Jutuma
767 2347 878 2399 retorsit.

321 2413 392 2482 Heu,
405 2416 468 2482 quid
481 2416 561 2483 agat?
593 2417 672 2468 Vario
685 2417 864 2484 nequidquam
877 2416 991 2467 fluctuat
1004 2423 1072 2470 aestu

321 2482 490 2552 Diversaeque
503 2490 598 2538 vocant
611 2486 729 2536 animum
742 2486 770 2536 in
783 2486 913 2537 contraria
927 2503 1004 2539 curae.

321 2552 394 2605 Huic
407 2554 550 2622 Messapus,
563 2555 604 2606 uti
617 2554 683 2606 laeva
695 2556 748 2606 duo
760 2555 828 2606 forte
840 2554 948 2621 gerebat

320 2620 413 2690 Lenta,
425 2623 491 2673 levis
504 2641 588 2688 cursu,
602 2624 711 2691 praefixa
723 2624 829 2675 hastilia
841 2626 916 2687 ferro,

313 2692 422 2748 Horum
436 2711 524 2749 unum
537 2700 607 2747 certo
620 2701 792 2760 contorquens
805 2694 896 2759 dirigit
908 2694 973 2746 ictu.

305 2767 446 2825 Substitit
459 2768 573 2838 AEneas,
584 2773 613 2822 et
625 2783 655 2819 se
666 2763 772 2829 collegit
780 2763 814 2812 'm
822 2779 907 2839 arma,

298 2839 418 2919 Popilie
432 2843 606 2905 subsidens:
625 2835 1038 2910 anicemtamenineitasumim
