2700 3242
275 314 327 365 31⁸
541 305 709 362 AENEIDOS
727 305 794 361 LIB.
812 304 845 359 X.

271 411 382 478 Vellere,
394 415 422 462 ct
434 416 544 477 urgetur
556 426 645 477 pugno
657 424 810 476 congressus
820 405 929 476 inique:

270 481 360 533 Multa
370 496 476 532 movens
488 479 583 545 animo,
592 481 650 546 jam
662 478 770 530 tandem
782 476 905 544 erumpit,
917 479 945 528 et
957 473 1029 529 inter
1064 477 1117 528 890

271 549 409 604 Belletoris
420 548 483 618 equi
494 565 559 601 ceve
570 553 689 615 tempora
701 546 808 615 conjicit
819 545 929 612 hostem

272 619 352 671 'follit
364 636 391 671 se
402 624 534 671 arrectum
546 617 702 685 quadrupes,
714 621 742 668 et
754 613 869 667 calcibus
881 630 959 666 eures

272 688 407 754 Verberat,
419 687 583 754 effusumque
595 686 711 753 equitem
724 701 802 753 super
813 684 869 752 ipse
881 691 988 736 secutus

272 756 404 825 Implicnt,
416 757 551 825 ejectoque
562 754 693 806 incumbit
705 770 817 805 cernuus
829 769 907 804 armo.
960 767 964 774 ·
993 766 997 773 '

273 826 391 879 Clamore
402 824 548 878 incendunt
560 823 656 876 eoelum
668 823 798 890 Troesque
810 822 959 890 Latinique.

275 895 388 947 Advolat
399 895 502 959 Encas,
516 910 549 945 ve
569 893 663 962 'noque
675 892 755 961 eripit
766 908 862 956 ensem,

274 958 310 1011 Et
323 959 467 1028 superhaec
479 977 484 1012 :
504 961 518 986 ‘⁴
530 960 552 1011 U
571 960 581 1011 i
593 976 663 1010 nunc
676 959 823 1010 Mezentius
835 975 902 1021 scer,
915 963 942 1010 et
954 957 1003 1010 ille

274 1027 361 1080 Effera
373 1028 412 1080 vis
425 1027 508 1080 enimi
518 1026 545 1080 3³⁹
564 1028 660 1080 Contra
672 1026 830 1095 Tyrrhenus,
843 1033 873 1079 nt
884 1043 962 1080 smus

275 1097 424 1164 suspiciens
436 1096 525 1150 hausit
537 1097 639 1161 coelum,
651 1102 819 1163 mentemque
830 1096 943 1164 recepit:

275 1166 290 1195 ‘⁴
301 1166 392 1218 Hostis
404 1182 499 1227 emere,
512 1166 576 1232 quid
589 1165 737 1232 increpites,
750 1171 912 1232 mortemque
923 1164 1033 1218 minaris
1045 1164 1055 1218 i
1067 1167 1120 1218 900

273 1230 385 1283 Nullum
396 1235 425 1282 in
437 1230 508 1283 caede
520 1231 612 1295 nefas3
629 1248 678 1283 nec
690 1231 727 1284 sic
739 1231 773 1283 ed
785 1231 879 1300 proelis
889 1232 969 1296 veni;

274 1299 329 1352 Nec
341 1306 429 1352 tecum
439 1317 513 1352 meus
525 1299 581 1352 haec
593 1299 696 1369 pepigit
707 1300 774 1352 mihi
785 1301 884 1354 foedere
896 1301 1005 1356 Lausus.

274 1369 364 1421 Unum
375 1368 431 1434 hoc,
444 1386 497 1437 per,
510 1369 532 1421 si
544 1385 597 1437 qun
609 1376 649 1422 est
660 1369 738 1422 victis
750 1370 828 1422 venia
839 1368 966 1438 hostibus,
978 1388 1037 1426 oro:

274 1439 372 1507 Corpus
384 1438 464 1490 humo
476 1438 576 1506 petiere
589 1439 649 1506 tegi
685 1438 744 1492 Scio
756 1438 849 1492 acerba
860 1456 979 1492 meorum

275 1508 449 1560 Oircumstere
461 1507 536 1560 odie:
555 1508 634 1574 hunc,
647 1524 699 1573 oro,
711 1507 823 1560 defende
834 1508 957 1577 furorem,

273 1576 309 1629 Et
321 1593 363 1629 me
375 1583 519 1629 consortem
531 1577 588 1629 noti
600 1577 712 1630 concede
724 1573 868 1646 sepulcro'*

274 1644 340 1698 Haec
351 1646 475 1714 loquitur,
483 1647 631 1714 juguloque
643 1646 715 1698 haud
727 1646 825 1699 inscius
837 1646 934 1715 occipit
946 1665 1044 1717 ensem,

274 1713 445 1784 Undantique
457 1715 572 1769 animem
585 1715 711 1768 diffundit
723 1717 752 1768 in
763 1733 837 1769 erum
848 1733 947 1771 cruore.
