2700 3242
523 305 690 362 AENEIDOS
708 308 776 362 mu.
794 309 826 364 Χ,
1042 312 1093 362 313

247 409 383 477 Defendit,
395 410 525 463 multosve
537 410 613 479 palus
626 410 776 478 Laurentia,
789 410 856 462 silva

247 479 344 532 Pastus
356 480 508 546 arundinea,
521 487 660 549 postquam
673 481 743 532 inter
753 480 822 532 retia
835 484 944 532 ventum
956 484 1004 548 est,
1040 481 1092 533 710

247 547 380 615 Substitit,
393 549 581 618 infremuitque
593 550 673 615 ferox,
686 557 713 601 et
726 549 856 601 inhorruit
869 566 970 603 armos:

246 617 304 670 Nec
315 618 438 686 cuiquam
451 618 527 670 irasci
540 619 679 686 propiusve
691 619 813 670 accedere
826 619 917 684 virtus,

247 685 300 739 Sed
308 687 405 755 jaculis
417 688 534 755 tutisque
547 687 637 755 procul
650 687 805 739 clamoribus
818 688 936 740 instant:

247 755 299 807 Ille
311 765 401 808 autem
413 757 563 825 impavidus
575 763 662 824 partes
675 764 816 808 cunctatur
827 757 856 807 in
868 773 964 823 omnes,

245 823 379 877 Dentibus
390 825 550 891 infrendens,
563 833 589 877 et
602 832 676 892 tergo
688 826 789 877 decutit
802 825 908 878 hastas:

245 893 329 946 Haud
341 894 425 961 aliter,
434 897 515 962 justae
528 893 623 963 quibus
635 900 675 945 est
688 895 834 946 Mezentius
846 895 898 960 irae,

244 962 306 1015 Non
318 963 368 1014 ulli
380 971 421 1016 est
433 964 538 1016 animus
551 964 642 1015 stricto
655 981 806 1015 concurrere
818 965 886 1015 ferro
897 983 905 1027 ;

244 1031 392 1084 Missilibus
404 1033 480 1100 longe
493 1041 520 1084 et
532 1039 606 1085 vasto
618 1032 730 1084 clamore
743 1033 882 1086 lacessunt.

245 1099 361 1154 Venerat
373 1102 490 1170 antiquis
504 1102 611 1169 Corythi
624 1102 655 1153 de
668 1101 765 1153 finibus
778 1102 871 1166 Acron,

244 1170 341 1222 Graius
353 1171 436 1234 homo,
447 1172 558 1223 infectos
570 1171 691 1238 linquens
704 1172 830 1238 profugus
840 1172 992 1240 hymeneos
1003 1189 1010 1224 ι
1036 1170 1087 1225 720

244 1237 327 1291 llunc
339 1239 385 1291 ubi
396 1241 550 1292 miscentem
563 1240 639 1306 longe
652 1240 739 1291 media
750 1241 857 1307 agmina
869 1240 945 1307 vidit,

243 1307 411 1377 Purpureum
424 1309 517 1378 pennis
529 1317 556 1360 et
568 1317 653 1376 pactae
667 1310 786 1376 conjugis
798 1316 867 1360 ostro
879 1327 885 1361 :

243 1377 378 1445 Impastus
390 1378 494 1431 stabula
506 1379 562 1448 alta
575 1378 614 1430 leo
626 1395 674 1430 ceu
688 1396 756 1446 saepe
768 1395 945 1445 peragrans-

243 1445 344 1500 Suadet
356 1449 426 1499 enim
439 1465 534 1500 vesana
546 1447 686 1499 fames-si
699 1449 765 1499 forte
777 1448 898 1514 fugacem

243 1515 386 1584 Conspexit
399 1535 527 1585 capream,
540 1523 588 1569 aut
600 1523 751 1584 surgentem
763 1516 791 1567 in
803 1534 901 1568 cornua
911 1533 1024 1583 cervum,

243 1585 354 1649 Gaudet,
369 1586 445 1639 hians
458 1587 579 1652 immane,
592 1602 729 1652 comasque
742 1587 847 1651 arrexit,
860 1592 887 1638 et
899 1585 982 1638 haeret

242 1652 393 1776 gisoeribus
406 1655 651 1724 superincumbens
663 1674 671 1719 ;
689 1654 756 1707 lavit
767 1655 886 1724 impmbe
897 1661 965 1708 teter

266 1741 297 1776 ra
309 1741 402 1778 cruor:

241 1792 286 1845 Sic
298 1794 353 1845 ruit
364 1794 393 1845 in
406 1794 498 1846 densos
510 1795 596 1846 alacer
608 1794 755 1846 Mezentius
767 1794 861 1849 hostes.

241 1861 375 1914 Sternitur
387 1864 481 1916 infelix
494 1864 587 1930 Acron,
600 1874 627 1916 et
640 1864 755 1916 calcibus
767 1872 853 1916 atram
1033 1864 1084 1916 730

240 1930 342 1985 Tundit
354 1932 465 1984 humum
478 1933 621 2001 exspirans,
633 1933 799 1998 infractaque
812 1933 865 1984 tela
877 1936 1005 1984 cruentat

240 2004 330 2068 Atque
341 2001 411 2054 idem
424 2002 570 2069 fugientem
582 2003 652 2054 haud
666 2008 705 2053 est
718 2003 843 2069 dignatus
856 2002 958 2054 Oroden

240 2069 369 2136 Sternere,
381 2089 430 2123 nec
438 2073 512 2138 jacta
524 2088 621 2124 caecum
634 2072 697 2123 dare
709 2071 817 2138 cuspide
830 2071 943 2123 vulnus:

240 2138 340 2191 Obvius
352 2141 511 2207 adversoque
523 2141 643 2206 occurrit,
657 2158 735 2206 seque
748 2141 803 2191 viro
815 2141 856 2192 vir

239 2208 366 2274 Contulit,
379 2210 451 2262 haud
464 2209 535 2260 furto
546 2210 644 2276 melior,
659 2210 703 2261 sed
717 2209 828 2260 fortibus
840 2209 926 2261 armis.

238 2277 307 2330 Tum
319 2296 397 2346 super
408 2278 541 2347 abjectum
554 2280 637 2346 posito
649 2279 716 2346 pede
728 2279 808 2329 nixus
820 2285 847 2330 et
860 2278 953 2329 hasta:

237 2346 304 2399 Pars
316 2347 379 2399 belli
391 2348 463 2400 haud
476 2348 624 2414 temnenda,
638 2348 696 2413 viri,
705 2350 778 2416 jacet
790 2347 860 2399 altus
873 2347 977 2400 Orodes.

237 2415 410 2469 Conclamant
423 2417 485 2469 socii
497 2417 586 2468 laetum
599 2434 692 2484 paeana
704 2417 794 2468 secuti.

236 2484 287 2539 Ille
300 2492 390 2537 autem
403 2487 555 2554 exspirans:
575 2489 590 2514 ‘⁴
600 2487 624 2537 N
626 2504 659 2538 on
672 2504 721 2549 me,
735 2487 894 2554 quicumque
906 2503 941 2552 es,
955 2485 1047 2550 inulto,

236 2554 336 2620 Victor,
349 2572 398 2606 nec
411 2555 520 2622 longum
532 2555 670 2608 lutabere:
689 2562 716 2607 te
729 2572 832 2623 quoque
845 2557 902 2606 fata
1035 2557 1085 2608 740

237 2623 410 2690 Prospectant
425 2625 506 2690 paria,
520 2633 600 2691 atque
612 2625 704 2676 eadem
715 2642 778 2675 mox
791 2639 853 2675 ruva
867 2622 992 2675 tenebis.”

236 2691 278 2744 Ad
292 2708 369 2759 quem
382 2692 519 2743 subridens
531 2694 617 2744 mixta
631 2694 778 2745 Mezentius
791 2692 847 2744 ira:

237 2762 252 2788 ‘⁶
260 2759 285 2811 N
287 2777 339 2810 unc
346 2777 451 2811 morere.
464 2761 514 2812 Ast
523 2761 556 2814 de
565 2780 608 2816 me
618 2762 713 2817 divum
721 2777 800 2835 pater
807 2771 896 2833 atque
901 2761 1120 2815 *nomimis-m

235 2826 429 2880 moramve
441 2829 534 2886 dicens
547 2833 646 2892 eduxit
660 2853 784 2910 corpore
793 2836 901 2892 talum.
