2700 3242
290 299 343 355 17s
522 300 551 354 P.
564 302 720 356 VIRCILII
738 302 900 357 MAROMIS

289 403 391 473 'l'otque
404 421 470 471 sues,
483 405 595 456 totidem
606 406 743 474 nigrantes
755 412 831 474 terga
838 407 966 473 juvencos
977 424 985 470 ;

290 473 412 542 Vinaque
424 473 554 526 fundebat
565 476 672 543 pateris,
685 476 855 543 animamque
867 475 980 528 vocabat

289 542 412 596 Anchisa
423 543 514 610 magni
526 561 668 612 manesque
682 545 831 596 Acheronte
843 545 972 597 remissos.

288 612 410 665 Necnon
422 618 449 664 et
462 613 531 679 socii,
545 629 604 680 quae
617 614 713 681 cuique
726 619 765 665 est
778 614 860 682 copia,
873 614 929 665 loeti

288 681 366 734 Dona
377 681 474 748 ferunt,
487 689 598 734 onerant
610 699 675 749 aras,
688 689 859 750 mactantque
868 683 1013 749 juvencos:

290 751 388 804 Ordine
401 751 486 804 ahena
498 751 587 803 locant
599 752 653 819 alii,
666 752 772 820 fusique
783 769 831 820 per
842 751 952 804 herbam

288 819 441 888 Subjiciunt
454 820 557 872 veribus
569 838 675 889 prunas,
689 827 717 873 et
729 822 829 873 viscera
842 827 951 874 torrent.

323 891 485 958 Exspectata
497 890 552 941 dies
564 890 663 954 aderat,
675 908 825 958 nonamque
837 908 928 942 serena

287 958 417 1012 Auroram
430 959 604 1011 Phaethontis
617 960 679 1028 equi
688 961 746 1026 jam
757 959 816 1011 luce
829 960 979 1024 vehebant;

287 1028 422 1097 Famaque
434 1029 561 1080 finitimos
573 1034 600 1080 et
613 1029 677 1080 clari
690 1046 785 1080 nornen
797 1030 900 1081 Acesta

286 1096 427 1151 Excierat:
445 1097 505 1150 lato
517 1098 680 1166 complerant
691 1098 770 1150 litora
782 1104 860 1165 coetu,

287 1165 378 1219 Visuri
388 1167 529 1233 AEneadas,
541 1184 602 1236 pars
614 1173 641 1220 et
654 1173 754 1219 certare
766 1167 860 1236 parati.

286 1235 400 1290 Munera
411 1236 540 1306 principio
553 1243 615 1289 ante
627 1236 714 1289 oculos
727 1236 846 1305 circoque
858 1235 980 1288 locantur

287 1305 321 1358 ln
332 1307 425 1372 medio,
439 1307 505 1359 sacri
517 1306 639 1375 tripodes,
653 1307 800 1374 viridesque
813 1322 921 1372 coronae,

285 1374 322 1429 Et
334 1376 436 1444 palmae,
449 1376 564 1445 pretium
576 1375 727 1442 victoribus,
739 1393 873 1443 armaque,
886 1381 913 1427 et
926 1381 995 1428 ostro

285 1443 404 1498 Pcn‘usae
416 1452 508 1512 vestes,
521 1446 625 1513 argenti
638 1446 747 1514 aurique
761 1445 911 1497 talentum:

284 1512 322 1567 Et
335 1515 400 1567 tuba
411 1515 559 1566 commissos
570 1515 657 1566 medio
670 1515 742 1566 canit
754 1531 848 1581 aggere
861 1514 943 1566 ludos.

285 1582 376 1636 Prima
387 1601 462 1653 pares
474 1585 568 1636 ineunt
579 1583 704 1652 gravibus
717 1584 862 1635 certamina
873 1583 951 1634 remis

286 1653 407 1717 Quatuor
418 1670 451 1706 ex
464 1653 536 1704 omni
548 1653 657 1706 delectae
670 1653 752 1705 classe
764 1653 876 1705 carinae:

285 1721 408 1775 Velocem
420 1722 574 1774 Mnestheus
587 1723 643 1790 agit
656 1723 711 1775 acri
721 1723 820 1790 remige
833 1721 932 1773 Pristin
944 1740 951 1785 ;

284 1790 351 1845 Mox
364 1791 449 1844 Italus
461 1791 623 1859 Mnestheus,
636 1809 720 1860 genus
733 1809 748 1843 a
760 1809 812 1859 quo
824 1791 931 1843 nomine
943 1791 1053 1843 Memmi

285 1860 476 1930 ingentemque
489 1861 558 1928 Gyas
570 1861 674 1929 ingenti
686 1862 754 1913 mole
767 1861 930 1926 Chimmram,

284 1930 363 1983 Urbis
376 1948 449 1999 opus,
461 1930 561 1999 triplici
573 1931 655 1999 pubes
668 1948 747 1998 quam
761 1930 886 1982 Dardana
898 1947 975 1982 versu

285 2001 441 2069 Impellunt‚
453 2005 527 2052 terno
540 2006 703 2068 consurgunt
715 2000 805 2052 ordine
818 2000 901 2063 remi;

283 2070 481 2151 Sergestusque‚
494 2069 586 2121 domus
599 2076 672 2122 tenet
684 2087 701 2122 a
713 2086 764 2137 quo
777 2069 867 2136 Sergia
879 2085 982 2133 nomen,

284 2140 415 2193 Centauro
427 2138 562 2191 invehitur
574 2156 689 2206 magna3
707 2138 847 2211 Scyllaque
859 2137 1005 2190 Cloanthus

284 2209 410 2276 Caerulea,
423 2226 506 2276 genus
518 2209 589 2260 unde
601 2208 658 2274 tibi,
673 2209 791 2260 Romane
804 2207 917 2259 Cluenti.

320 2280 368 2331 Est
380 2278 471 2347 procul
483 2278 512 2329 in
524 2278 617 2346 pelago
630 2295 725 2329 saxum
736 2277 889 2345 spumantia
901 2281 994 2327 contra

284 2347 381 2415 Litora,
394 2348 464 2416 quod
476 2348 585 2399 tumidis
598 2347 762 2399 submersum
774 2347 898 2397 tunditur
910 2345 973 2396 olim

284 2417 428 2483 Fluctibus,
442 2417 544 2468 hiberni
557 2417 675 2469 condunt
688 2416 733 2468 ubi
746 2416 831 2467 sidera
843 2415 901 2467 Cori
912 2433 919 2477 ;

283 2487 436 2554 Tranquillo
449 2486 516 2551 silet,
528 2487 689 2554 immotaque
701 2485 833 2538 attollitur
846 2485 919 2536 unda

283 2556 405 2624 Campus,
419 2561 446 2607 et
458 2556 552 2623 apricis
565 2556 644 2608 statio
656 2555 806 2622 gratissima
818 2554 922 2620 mergis.

285 2625 338 2678 Hic
350 2626 462 2676 viridem
474 2625 570 2677 AEneas
583 2624 717 2675 frondenti
730 2642 763 2675 cx
776 2624 836 2675 ilice
848 2631 948 2675 metam

275 2694 426 2746 Constituit
436 2694 545 2763 signum
558 2694 647 2746 nautis
661 2700 744 2762 pater,
756 2693 827 2745 unde
839 2692 937 2744 reverti

254 2758 376 2830 afferrent,
393 2771 422 2818 et
432 2765 530 2837 longos
544 2765 593 2821 ubi
606 2763 817 2820 circumflectere
829 2779 927 2815 cursus.

241 2823 318 2883 TUM
328 2831 397 2891 loca
407 2845 488 2896 sorte
499 2840 611 2918 legunt,
626 2840 740 2918 ipsique
751 2837 781 2892 ‘m
793 2833 932 2910 puppibus
940 2846 1006 2883 uua
