2700 3242
521 295 686 348 AENEIDOS
703 297 769 349 LIB.
789 297 809 349 l.
1034 292 1083 343 nu

244 399 276 452 Se
288 415 394 468 quoque
406 399 568 468 principibus
599 399 742 450 ermixtum
754 399 861 463 agnovit
874 398 988 464 Achivis,

244 469 364 538 ansque
376 469 445 521 acies
457 475 484 521 et
496 469 588 536 nigris
608 469 725 520 emnonis
737 485 816 520 arnis.

243 537 324 591 Ducit
336 538 530 589 Amazonidum
542 537 641 589 lunatis
652 537 759 604 agmina
771 537 849 604 peltis
1033 539 1084 586 490

243 605 412 659 Penthesilea
422 606 520 674 furens,
532 606 676 673 mediisque
688 606 717 657 in
729 607 846 657 millibus
858 606 939 669 ardet,

243 676 332 728 Aurea
344 675 502 728 subnectens
514 682 623 727 exsertae
635 675 743 742 cingula
755 693 877 726 mammae

243 745 382 811 Belletrix‚
395 745 527 812 audetque
539 745 601 796 viris
614 762 765 797 concurrere
778 745 857 811 virgo.

278 815 346 866 Hscc
358 813 422 865 dnm
433 814 565 866 Dardanio
578 814 667 865 AEneae
679 814 800 865 mirande
812 814 942 878 videntur,

243 882 315 936 Dum
327 889 425 952 stupet,
437 883 584 951 obtutuque
596 883 679 935 haeret
691 883 793 934 defixus
805 883 833 934 in
845 901 913 946 uno;

244 952 348 1020 Regina
358 951 394 1004 sd
406 952 540 1020 templum,
552 953 636 1005 forme
648 952 825 1019 pulcherrima
836 952 913 1016 Dido,

244 1021 363 1089 Incessit,
375 1039 472 1089 msgns
480 1023 609 1089 juvenum
621 1023 737 1089 stipante
749 1029 860 1074 caterva.

245 1091 336 1154 Qualis
348 1091 377 1143 in
390 1090 495 1143 Eurotse
506 1091 578 1160 ripis,
591 1100 638 1142 aut
651 1109 697 1159 per
705 1093 772 1157 juge
784 1091 882 1158 Cynthi

244 1159 359 1212 Exercet
370 1159 458 1212 Disna
469 1160 567 1227 choros,
580 1177 659 1228 quam
671 1160 744 1212 mille
756 1166 852 1212 secutse

245 1229 316 1282 Hinc
326 1236 407 1297 atque
416 1229 479 1282 hinc
488 1230 667 1296 glomerantur
675 1228 803 1281 Oreades:
816 1229 863 1280 illa
871 1229 1021 1296 pharetram
1036 1231 1085 1279 500

244 1297 307 1351 Fert
319 1299 437 1365 humero,
449 1298 621 1366 gradiensque
634 1298 696 1349 deas
708 1299 883 1366 supereminet
895 1315 982 1348 ornnes
995 1316 1000 1359 ;

245 1367 353 1420 Letonae
365 1369 478 1420 tacitum
489 1374 642 1436 pertentant
654 1367 752 1435 gaudie
764 1375 871 1434 pectus:

245 1437 316 1489 Talis
328 1443 386 1489 eret
398 1436 474 1503 Dido,
487 1437 568 1488 talem
580 1454 607 1488 se
619 1437 682 1488 lecta
693 1436 793 1489 ferebat

245 1505 414 1573 Parmenios,
426 1506 528 1558 instans
540 1506 611 1574 operi
623 1506 762 1572 regnisque
774 1505 878 1557 futuris.

245 1575 314 1627 Tum
325 1574 426 1627 foribus
439 1575 514 1641 dives,
526 1575 612 1627 medis
624 1574 757 1626 testudine
770 1575 869 1642 templi,

246 1644 327 1713 Septs
339 1644 418 1696 annis
430 1644 544 1712 solioque
556 1644 610 1696 alte
624 1644 737 1695 subnixe
748 1645 850 1696 resedit.

247 1713 266 1765 J
267 1731 315 1765 urs
327 1713 408 1765 dabas
419 1713 539 1782 legesque
551 1713 620 1780 viris,
634 1730 792 1781 operumque
804 1713 919 1765 laborem

247 1781 371 1834 Partibus
384 1783 505 1850 aequnbst
513 1783 600 1850 justis,
614 1790 662 1834 aut
674 1788 742 1833 sorte
754 1782 875 1834 trahebat
886 1802 893 1845 ;

248 1851 337 1915 Quum
349 1849 435 1903 subito
447 1852 542 1904 AEness
554 1868 682 1904 concursu
694 1851 815 1903 secedere
827 1869 922 1919 magno

247 1921 355 1973 Anthee
366 1919 567 1989 Sergestumque
580 1920 653 1973 videt
664 1920 810 1988 fortemque
823 1921 987 1972 Cloanthum
1035 1921 1087 1971 510

247 1990 457 2058 Teucrorumque
469 1990 540 2056 alios,
553 1995 610 2042 ster
622 2006 687 2057 quos
699 2006 800 2057 aeqnore
813 1989 889 2041 turbo

246 2058 408 2127 Dispuleret‚
420 2059 578 2140 penitusque
590 2059 655 2111 alies
667 2066 791 2111 avexerat
803 2076 867 2110 ores.

247 2127 393 2197 Obstupuit
405 2128 484 2179 simul
496 2129 558 2197 ipse,
571 2128 650 2180 simul
662 2145 799 2197 percussus
811 2128 926 2180 Achates

246 2197 404 2265 Isaetitisque
416 2204 557 2265 metuque:
575 2198 646 2250 avidi
658 2199 815 2265 conjungere
827 2197 933 2248 dextras

245 2266 383 2319 Ardebant
394 2284 401 2329 ;
419 2267 463 2318 sed
475 2285 516 2319 res
527 2267 627 2319 animos
640 2267 775 2334 incognite
787 2266 884 2318 turbat.

245 2335 440 2400 Dissimnlsnt;
459 2342 485 2387 et
497 2337 566 2389 nube
578 2353 642 2388 cava
655 2337 824 2405 speculentur
836 2335 934 2396 amicti,

247 2406 312 2469 Quae
324 2405 433 2457 fortune
444 2405 507 2456 viris
518 2423 524 2469 ;
542 2406 651 2457 classem
664 2422 715 2471 quo
728 2405 803 2456 litore
816 2404 956 2471 linquant3

247 2475 319 2538 Quid
332 2475 456 2527 veniant:
475 2475 576 2526 cunctis
588 2492 650 2526 nam
663 2474 725 2526 lecti
738 2473 848 2526 navibus
860 2473 942 2535 ibant,

247 2544 360 2596 Orantes
374 2544 484 2610 venium,
497 2550 524 2596 et
535 2544 664 2612 templum
678 2544 790 2595 clamore
803 2541 934 2611 petebant.

282 2613 428 2681 Postquam
439 2614 597 2680 introgressi,
610 2619 637 2664 et
650 2630 736 2664 coram
749 2613 812 2663 dete
824 2612 898 2679 copie
910 2611 992 2676 fandi,
1040 2614 1090 2662 520

248 2683 385 2735 Maximus
398 2682 512 2734 Ilioneus
524 2682 627 2750 placido
640 2682 676 2733 sic
690 2688 793 2750 pectore
805 2681 900 2748 coepit:

248 2759 294 2812 “O
307 2756 413 2823 Regius
425 2774 520 2809 norem
533 2756 578 2810 cui
589 2755 703 2812 condere
716 2755 829 2828 Jupiter
841 2754 941 2810 uitem

237 2824 403 2888 Juatitreque
415 2824 490 2877 dedit
499 2834 599 2896 gentes
612 2829 724 2887 frenare
738 2829 884 2906 supertes.
