2700 3242
430 441 464 496 P.
486 438 689 495 VIRGILII
719 437 931 495 MARONIS

341 625 1017 720 GEORGICON

480 849 623 902 LIBER
653 848 876 913 QUARTUS.

610 1002 741 1018 m

286 1112 436 1166 Pnornrsus
449 1115 514 1167 aerii
526 1115 612 1167 mellis
621 1115 738 1168 eoelestia
750 1115 819 1167 dona

249 1180 404 1250 Exsequar:
423 1183 491 1235 hanc
503 1184 591 1250 etiam,
605 1185 743 1250 Maecenas,
752 1185 839 1252 aspice
852 1189 962 1250 partem.

249 1249 416 1304 Admiranda
428 1252 477 1304 tibi
489 1253 586 1305 levium
601 1254 753 1321 spectacula
764 1270 860 1318 rerum,

248 1318 488 1389 Magnanimosque
500 1322 587 1389 duces,
599 1324 733 1390 totiusque
745 1322 837 1374 ordine
848 1320 935 1388 gentis

248 1387 346 1456 Mores,
359 1395 386 1441 et
398 1391 493 1458 studia,
506 1397 534 1444 et
546 1392 663 1459 populos,
676 1398 704 1444 et
716 1391 809 1460 proelia
820 1391 914 1442 dicam.

248 1457 284 1509 In
296 1459 373 1511 tenui
384 1459 457 1512 labor
467 1479 474 1524 ;
492 1467 522 1514 at
533 1461 622 1513 tenuis
634 1479 688 1513 non
700 1461 789 1529 gloria,
803 1460 824 1512 si
838 1476 917 1526 quem

247 1525 369 1580 Numina
380 1528 447 1581 laeva
459 1530 558 1596 sinunt,
571 1530 699 1598 auditque
711 1537 820 1583 vocatus
832 1528 933 1665 Affllo.

285 1596 420 1666 Principio
433 1599 505 1651 sedes
518 1599 612 1666 apibus
625 1600 756 1666 statioque
768 1604 848 1667 peten

249 1663 309 1729 Quo
320 1683 406 1734 neque
418 1667 452 1719 sit
464 1668 550 1720 ventis
563 1668 659 1734 editus,
673 1668 747 1736 (nam
758 1668 857 1736 pabula
868 1667 941 1720 venti

247 1733 329 1786 Ferre
341 1735 448 1788 domum
460 1737 611 1805 prohibent)
624 1754 710 1805 neque
722 1754 782 1789 oves
794 1737 915 1804 haedique
927 1736 1026 1805 petulci
1067 1739 1097 1788 10

248 1802 371 1856 Floribus
382 1804 521 1872 insultent,
533 1811 581 1858 aut
594 1823 683 1859 errans
695 1806 793 1858 bucula
805 1823 898 1873 eampo

247 1872 376 1926 Decutiat
387 1891 479 1941 rorem,
491 1881 518 1927 et
531 1881 667 1943 surgentes
680 1881 778 1928 atterat
791 1875 891 1927 herbas.

246 1940 345 1994 Absint
357 1948 384 1995 et
395 1944 461 2011 picti
474 1945 623 2012 squalentia
636 1950 712 2011 terga
723 1945 817 1997 lacerti

247 2009 397 2080 Pinguibus
409 2030 425 2064 a
436 2014 556 2081 stabulis,
568 2030 746 2083 meropesque,
758 2014 869 2081 aliaeque
882 2013 1006 2074 volueres,

246 2079 284 2133 Et
295 2080 417 2134 manibus
430 2082 530 2135 Procne
543 2088 635 2150 pectus
647 2084 754 2150 signata
765 2083 888 2136 cruentis.

247 2148 345 2202 Omnia
356 2167 418 2202 nam
430 2151 485 2203 late
497 2157 610 2219 vastant,
622 2152 747 2220 ipsasque
758 2153 877 2205 volantes

246 2218 298 2271 Ore
310 2219 401 2272 ferunt
413 2220 518 2273 dulcem
530 2221 599 2273 nidis
611 2222 758 2274 immitibus
771 2239 863 2274 escam

244 2286 283 2340 At
295 2287 391 2356 liquidi
403 2290 489 2341 fontes
501 2296 528 2342 et
541 2295 635 2357 stagna
647 2290 761 2343 virentia
773 2307 863 2342 museo

244 2355 352 2424 adsint,
363 2362 391 2409 et
403 2360 491 2411 tenuis
502 2359 608 2427 fugiens
620 2377 667 2427 per
679 2361 799 2427 gramine
811 2359 892 2425 rivus,

245 2424 391 2494 Palmaque
403 2427 564 2480 vestibulum
576 2434 624 2481 aut
635 2429 729 2496 ingens
742 2429 853 2482 oleaster
864 2425 1015 2481 inumbret:
1061 2431 1095 2482 20

245 2494 283 2548 Ut
296 2512 379 2562 quum
390 2497 476 2616 qrima
487 2499 550 2550 novi
562 2498 661 2551 ducent
673 2498 797 2550 examina
808 2515 882 2565 reges

245 2563 314 2616 Vere
327 2581 382 2632 suo,
405 2566 521 2634 udetque
532 2567 600 2620 favis
612 2568 707 2619 emisse
716 2569 852 2634 juventus,

245 2632 343 2686 Vicina
354 2632 451 2688 invitet
463 2635 587 2688 decedere
599 2637 658 2704 ripa
670 2636 759 2701 calori,

244 2701 382 2817 Ob'fflue
391 2703 514 2770 hospitiis
526 2711 617 2760 teneat
629 2706 822 2764 frondentibus
832 2706 922 2767 arbos.

235 2771 271 2820 In
280 2784 310 2816 m
350 2769 404 2834 'um
416 2787 464 2823 seu
475 2774 562 2830 stabit
574 2777 658 2852 iners,
669 2799 722 2839 seu
735 2783 859 2858 profluet
868 2785 988 2849 umen
