2700 3242
525 299 693 354 AENEIDOS
710 302 776 355 LIB.
797 305 833 354 11.

256 401 420 470 Agnoscunt,
433 405 514 470 atque
526 419 571 454 ora
583 419 644 454 sono
657 403 785 456 discordia
797 405 911 471 signant.

257 472 333 523 Ilicet
346 470 484 523 obruimur
495 489 620 525 numero:
639 474 790 541 primusque
803 473 925 526 Coroebus

256 540 362 593 Penelei
376 540 471 593 dextra
483 541 551 593 divae
563 542 744 610 armipotentis
756 543 789 594 ad
802 560 875 594 aram

256 610 427 674 Procumbit;
446 611 517 663 cadit
530 617 557 662 et
570 611 695 678 Rhipeus,
702 613 863 679 justissimus
876 631 945 665 unus

257 681 307 745 Qui
319 680 374 731 fuit
387 680 415 732 in
428 681 534 733 Teucris
545 683 573 730 et
584 683 791 735 servantissimus
804 703 826 736 sc
844 685 888 737 ui:

255 750 302 802 Dis
314 749 394 802 aliter
405 750 498 802 visum
525 749 640 802 Pereunt
653 749 826 818 Hypanisque
863 769 995 820 ymasque,

256 819 358 872 Confixi
372 839 390 872 a
401 819 476 871 sociis
487 837 494 882 ;
511 836 559 871 nec
572 826 598 871 te
610 825 658 871 tua
670 820 791 888 plurima,
805 820 919 888 Panthu,

255 889 402 941 Labentem
415 889 507 957 pietas,
520 906 567 940 nec
580 889 710 956 Apollinis
722 889 808 941 infula
820 892 896 944 texit.
1047 894 1098 943 430

256 958 332 1010 lliaei
344 959 452 1024 cineres,
464 964 491 1010 et
502 958 608 1010 flamma
621 965 739 1010 extrema
750 976 874 1026 meorum,

256 1027 352 1080 Testor.
366 1029 396 1080 in
408 1045 502 1081 occasu
514 1037 599 1079 restro
612 1045 659 1079 nee
673 1028 726 1079 tela
738 1045 786 1079 nec
799 1029 866 1080 ullas

256 1097 387 1150 Vitavisse
400 1098 470 1150 vices
482 1097 604 1149 Danaum
615 1117 621 1161 3
640 1102 667 1149 et
679 1098 701 1149 si
712 1099 769 1148 fata
782 1099 899 1164 fuissent,

257 1166 292 1219 Ut
305 1168 433 1232 caderem,
445 1167 569 1218 meruisse
581 1183 670 1219 manu.
700 1166 858 1218 Divellimur
869 1169 947 1222 inde:

257 1236 363 1305 Iphitus
376 1243 403 1289 ct
415 1235 501 1288 Pelias
514 1253 634 1300 mecum;
653 1254 764 1303 quorum
777 1237 882 1304 Iphitus
895 1255 950 1289 aevo

255 1305 317 1357 Jam
331 1306 443 1374 gravior,
456 1305 542 1358 Pelias
554 1313 582 1358 et
594 1306 701 1357 vulnere
714 1306 805 1357 tardus
819 1307 891 1358 Ulixi
902 1326 910 1370 ;

254 1375 382 1427 Protinus
394 1376 429 1427 ad
441 1375 513 1427 sedes
525 1375 624 1427 Priami
637 1376 748 1427 clamore
761 1377 854 1428 vocati.

256 1444 307 1497 llic
322 1463 383 1497 vero
395 1446 530 1513 ingentem
542 1463 666 1513 pugnam,
680 1462 728 1496 ceu
739 1452 826 1496 cetera
838 1463 966 1514 nusquam

255 1514 330 1566 Bella
341 1517 436 1581 forent,
449 1514 516 1565 nulli
530 1521 587 1566 tota
597 1521 760 1566 morerentur
772 1515 800 1565 in
812 1515 884 1582 urbe,

255 1583 298 1636 Sic
311 1585 425 1636 Martem
438 1584 603 1650 indomitum,
616 1585 772 1650 Danaosque
784 1584 817 1635 ad
831 1590 901 1636 tecta
913 1595 1018 1637 ruentes
1045 1591 1096 1638 440

255 1653 399 1719 Cernimus,
411 1652 593 1721 obsessumque
605 1659 665 1705 acta
677 1653 810 1705 testudine
823 1654 911 1707 limen.

255 1722 364 1775 Haerent
376 1723 520 1791 parietibus
533 1723 615 1789 scalae,
627 1729 764 1791 postesque
777 1723 825 1774 suh
836 1724 905 1791 ipsos

254 1792 280 1843 N
281 1793 387 1844 ituntur
398 1792 530 1860 gradibus,
543 1792 692 1860 clipeosque
703 1793 737 1844 ad
750 1793 804 1844 tela
816 1793 928 1846 sinistris

254 1860 371 1914 Protecti
382 1862 517 1930 objiciunt,
531 1869 655 1930 prensant
667 1861 774 1929 fastigia
786 1862 893 1916 dextris.

253 1929 413 1984 Dardanidae
426 1938 517 1983 contra
529 1937 614 1983 turres
626 1948 657 1983 ac
669 1938 740 1983 tecta
752 1932 887 1983 domorum

253 2000 377 2053 eulmina
389 2000 557 2053 convellunt:
575 2001 616 2052 his
628 2019 662 2067 se,
675 2001 780 2068 quando
792 2001 887 2053 ultima
900 2010 1017 2066 cernunt,

253 2069 380 2122 Extrema
389 2071 447 2138 jam
459 2070 487 2121 in
499 2077 582 2122 morte
595 2078 690 2138 parant
702 2071 840 2122 defendere
852 2072 919 2137 telis,

253 2139 422 2206 Auratasque
434 2139 528 2205 trabes,
541 2153 659 2191 veterum
671 2141 764 2192 decora
775 2140 830 2192 alta
842 2147 990 2208 parentum,

252 2208 422 2262 Devolvunt:
440 2209 486 2260 alii
499 2209 595 2260 strictis
607 2209 774 2262 mucronibus
787 2211 852 2262 imas

252 2278 382 2330 Obsedere
394 2278 479 2342 fores;
498 2278 544 2329 has
557 2285 661 2331 servant
674 2279 778 2346 agmine
791 2279 878 2331 denso.
1041 2284 1093 2331 loo

253 2346 400 2400 Instaurati
413 2347 502 2413 animi,
514 2349 582 2416 regis
595 2365 744 2400 succurrere
756 2349 838 2414 tectis,

251 2417 414 2485 Auxilioque
425 2417 512 2468 levare
524 2418 599 2484 viros,
612 2418 717 2485 vimque
729 2418 824 2469 addere
836 2417 920 2470 victis.

282 2491 400 2539 “Limen
413 2494 469 2540 erat
481 2504 607 2554 caecaeque
620 2487 687 2537 fores
700 2497 725 2536 et
738 2489 842 2551 pervius
856 2504 917 2537 usus

251 2555 392 2608 Pectorum
405 2555 474 2606 inter
487 2572 512 2606 se
526 2554 631 2620 Priami,
644 2561 781 2622 postesque
793 2556 877 2607 relicti

252 2627 275 2676 A
288 2632 382 2692 tergo;
400 2623 493 2676 infelix
507 2641 559 2690 qua
572 2642 606 2690 se,
619 2624 682 2675 dum
694 2641 776 2690 regna
787 2625 936 2691 manebant,

251 2694 353 2762 Saepius
366 2693 547 2745 Andromache
559 2694 626 2745 ferre
638 2693 792 2744 incomitata
805 2694 902 2745 solebat

251 2763 295 2815 Ad
308 2779 415 2827 soceros,
429 2770 455 2814 et
465 2779 515 2814 aro
523 2779 635 2830 pueriun
649 2763 816 2833 Astyanacta
827 2764 964 2823 trahehat.

242 2830 335 2880 Evado
344 2829 489 2880 adsummi
499 2831 610 2903 fastigia
623 2836 765 2909 culminis,
777 2840 854 2898 unde
