2700 3242
519 299 686 357 AENEIDOS
704 304 771 357 ΙιΙΒ.
790 304 837 359 iv.
1051 309 1100 357 171

253 395 314 450 Non
326 397 471 466 fugishinc
484 419 566 470 praece
586 421 597 455 s
617 405 682 457 dum
694 406 857 475 precipitare
868 411 983 474 potestas
993 407 1003 460 l

252 466 273 518 J
274 483 318 519 am
329 485 403 521 mare
415 470 516 522 turbari
528 422 652 540 trabibus,
665 481 799 542 sae'vasque
812 476 911 528 ridebis

253 535 388 589 Collucere
399 539 478 605 faces,
486 542 543 608 jam
556 543 655 594 fervere
667 543 746 596 litora
757 545 877 610 flammis,

252 604 281 656 Si
294 612 322 656 te
335 606 376 657 his
389 608 509 675 attigerit
521 611 597 662 terris
610 612 711 664 Aurora
722 621 875 666 morantem.

252 673 303 725 Eia
315 691 373 742 age,
385 694 478 745 rumpe
489 695 581 732 moras.
611 681 722 733 Varium
734 689 761 734 et
772 682 900 734 mutabile
912 700 1012 752 semper

251 744 391 800 Femina.’'
427 746 469 798 Sic
481 748 553 800 fatus
565 751 637 800 nocti
650 767 677 801 se
689 751 832 802 immiscuit
845 757 918 803 atrae.
1047 753 1098 804 570

288 810 359 862 Tum
370 828 431 864 vero
442 813 538 865 AEneas
551 815 644 866 subitis
656 816 798 867 exterritus
810 816 909 868 umbris

252 879 369 948 Corripit
381 898 396 932 e
408 898 497 933 somno
509 899 610 951 corpus,
622 885 755 952 sociosque
766 885 881 952 fatigat:

253 945 434 1014 “Praecipites
447 949 563 1016 vigilate,
576 953 632 1018 viri,
646 961 673 1006 et
686 956 813 1007 considite
827 956 948 1008 transtris
959 975 966 1020 ;

252 1016 356 1069 Solvite
368 1016 427 1068 vela
439 1017 493 1069 citi.
523 1020 595 1069 Deus
607 1019 703 1069 aethere
715 1020 809 1069 missus
821 1019 854 1070 ab
867 1019 929 1080 alto,

252 1085 392 1138 Festinare
403 1085 502 1152 fugam,
514 1092 647 1154 tortosque
659 1087 773 1138 incidere
785 1088 868 1152 funes,

253 1155 325 1207 Ecce
336 1154 433 1206 iterum
445 1155 570 1208 stimulat.
600 1157 739 1224 Sequimur
752 1162 785 1221 te,
798 1165 887 1207 sancte
900 1156 1015 1218 deorum,

254 1223 381 1292 Quisquis
393 1241 428 1289 es,
440 1224 600 1292 imperioque
612 1225 708 1276 iterum
720 1243 840 1293 paremus
853 1232 967 1277 ovantes.

253 1292 335 1345 Adsis
345 1309 367 1360 o,
379 1293 551 1360 placidusque
559 1295 643 1360 juves,
655 1299 684 1345 et
695 1295 781 1346 sidera
792 1294 855 1346 coelo

256 1361 363 1414 Dextra
373 1361 466 1414 feras.'’
502 1361 593 1426 Dirit3
615 1362 763 1428 vaginaque
776 1362 854 1428 eripit
867 1378 954 1412 ensem

254 1428 434 1487 Fulmineum.
447 1428 588 1496 strictoque
600 1429 662 1481 ferit
673 1428 821 1480 retinacula
832 1429 908 1479 ferro.
1048 1430 1099 1478 580

256 1498 334 1551 Idem
346 1497 429 1550 omnis
442 1497 520 1548 simul
532 1498 608 1549 ardor
619 1497 717 1561 habet3
734 1498 894 1565 rapiuntque
906 1501 1054 1562 ruuntque:

255 1567 348 1620 Litora
360 1567 495 1618 deseruere
506 1585 512 1630 3
530 1566 596 1618 latet
608 1567 657 1618 sub
669 1565 794 1617 classibus
807 1583 912 1632 aequor;

256 1635 361 1689 Annixi
372 1641 495 1703 torquent
508 1653 619 1703 spumas,
633 1642 660 1687 et
673 1635 770 1686 caerula
782 1642 897 1687 verrunt.

293 1705 330 1756 Et
339 1706 397 1773 jam
408 1705 493 1773 prima
505 1722 571 1756 novo
584 1703 723 1772 spargebat
734 1705 834 1755 lumine
846 1712 928 1756 terras

257 1774 369 1826 'Pithoni
380 1791 499 1826 croceum
512 1773 633 1841 linquens
645 1775 747 1825 Aurora
759 1774 852 1825 cubile.

258 1843 364 1910 Regina
375 1860 390 1895 e
401 1843 514 1911 speculis
525 1850 557 1894 ut
570 1843 685 1911 primum
697 1843 827 1894 albescere
839 1843 925 1894 lucem

259 1913 344 1979 Vidit,
356 1918 384 1964 et
395 1913 507 1980 aquatis
517 1912 625 1964 classem
637 1912 775 1980 procedere
788 1912 858 1978 velis,

258 1983 401 2049 Litoraque
413 1988 441 2033 et
452 1998 548 2033 vacuos
560 1981 641 2033 sensit
653 1981 709 2032 sine
720 1982 818 2048 remige
830 1986 928 2048 portus,

258 2052 362 2118 'Perque
373 2056 517 2118 quaterque
528 2067 611 2102 manu
622 2056 714 2118 pectus
725 2067 847 2117 percussa
859 2049 990 2115 decorum,

259 2123 453 2187 Flaventesque
465 2118 577 2171 abscissa
589 2134 683 2180 comas,
696 2119 769 2168 “Pro
781 2119 888 2185 Jupiter
900 2121 906 2171 l
926 2115 976 2168 ibit
1053 2115 1101 2164 590

262 2189 343 2255 Hic,’'
355 2189 402 2253 ait,
416 2191 465 2241 “et
476 2187 571 2239 uostris
584 2186 696 2238 illuserit
708 2186 810 2238 advena
821 2186 910 2252 regnis
920 2184 929 2236 l

259 2259 321 2311 Non
333 2275 407 2310 arma
418 2257 566 2326 expedient,
579 2262 687 2324 totaque
699 2273 732 2308 ex
745 2257 809 2307 urbe
822 2260 972 2321 sequentur,

259 2328 451 2396 Deripientque
463 2333 533 2378 rates
545 2326 592 2378 alii
603 2325 742 2378 navalibus
752 2324 762 2377 l
793 2324 842 2390 Ite,

260 2397 339 2449 Ferte
352 2396 399 2448 citi
410 2395 536 2463 flammas,
549 2396 609 2447 date
622 2394 688 2460 vela,
700 2393 828 2462 impellite
840 2408 931 2443 remos.

262 2465 333 2530 Quid
345 2465 453 2532 loquorl
466 2471 514 2517 aut
526 2465 572 2516 ubi
584 2464 659 2516 euml
679 2463 743 2526 Quos
755 2468 871 2514 mentem
883 2459 986 2512 insania
997 2458 1103 2512 mututl

262 2534 362 2589 Infelix
374 2534 457 2590 Dido!
476 2551 547 2585 nune
562 2539 586 2585 te
598 2534 669 2584 facte
681 2532 763 2599 impia
775 2530 907 2598 tanguutl

262 2605 331 2657 Turn
343 2603 439 2670 decuit,
449 2621 531 2671 quum
542 2609 644 2670 sceptra
656 2601 744 2654 dabas.
779 2601 821 2651 En
833 2600 927 2652 dextra
938 2598 1061 2664 fidesque,

263 2674 349 2738 Quem
361 2689 448 2725 secum
460 2672 559 2741 patrios
571 2673 647 2723 aiunt
659 2677 763 2739 portare
775 2670 896 2736 penates!

264 2743 349 2807 Quem
361 2743 469 2794 subiisse
481 2741 596 2794 humeris
609 2739 762 2796 confectum
773 2743 856 2794 utute
864 2738 1025 2811 perentaml,

256 2811 318 2862 Nor
324 2811 406 2874 potui
413 2810 559 2880 abreptum
571 2812 705 2874 divellere
717 2832 829 2891 eorpus,
839 2818 871 2871 et
878 2811 968 2869 undu
1085 2803 1143 2851 iffi
