2700 3242
284 291 333 344 112
512 295 541 348 P.
560 295 714 347 VIRGILII
732 295 893 349 MARONIS

284 399 440 450 Panduntur
451 404 532 466 portae
544 417 550 462 ;
565 400 642 466 juvat
655 399 692 450 ire
704 405 731 448 et
743 397 837 450 Dorica
849 405 935 451 castra

285 469 453 535 Desertosque
467 468 552 520 videre
565 468 632 519 locos
645 468 761 535 litusque
772 469 901 520 relictum

285 538 335 589 Hic
348 538 478 605 Dolopum
490 555 590 601 manus,
604 537 646 588 hic
658 555 742 589 saevus
754 537 878 589 tendebat
889 537 1005 588 Achilles
1015 555 1022 598 ;

284 606 413 658 Classibus
425 607 468 658 hic
480 607 558 672 locus,
572 607 614 658 hie
627 606 682 658 acie
694 613 793 658 certare
805 605 928 658 solebant.
1088 609 1125 658 30

240 706 244 713 -
283 675 347 728 Pars
360 683 449 744 stupet
461 677 580 744 innuptae
593 676 691 727 donum
703 675 810 727 exitiale
822 675 956 740 Minervae,

283 745 318 797 Et
330 746 425 797 molem
436 747 566 798 mirantur
578 745 655 812 equi;
673 745 824 813 primusque
837 745 986 812 Thymoetes

283 814 351 866 Duci
364 815 434 867 intra
445 832 532 866 muros
545 814 665 866 hortatur
678 822 704 866 et
716 831 774 865 arce
787 814 873 881 locari,

283 884 343 936 Sive
355 885 421 951 dolo,
434 901 478 935 seu
487 885 544 950 jam
555 884 637 951 Trojae
649 883 686 935 sic
698 883 754 934 fata
766 883 891 935 ferebant.

283 954 319 1005 At
332 954 423 1021 Capys,
435 961 463 1004 et
476 970 586 1019 quorum
597 952 688 1003 melior
701 954 831 1004 sententia
842 951 933 1017 menti,

284 1023 339 1074 Aut
352 1022 443 1090 pelago
456 1022 576 1072 Danaum
590 1021 697 1072 insidias
710 1029 881 1089 suspectaque
894 1021 963 1073 dona

285 1091 451 1159 Praecipitare
459 1091 562 1156 jubent,
576 1090 751 1157 subjectisque
763 1108 837 1142 urere
849 1090 977 1142 flammis:

284 1161 339 1212 Aut
351 1161 480 1212 terebrare
493 1177 569 1211 caras
582 1159 650 1211 uteri
663 1164 690 1211 et
702 1165 805 1211 tentare
816 1158 936 1211 latebras.

284 1230 418 1282 Scinditur
430 1229 560 1280 incertum
572 1227 659 1280 studia
671 1227 700 1280 in
713 1228 843 1280 contraria
854 1229 957 1294 vulgus.

318 1299 334 1325 “
343 1296 445 1348 l‘rimus
457 1295 494 1347 ibi
507 1300 568 1346 ante
581 1310 676 1355 omnes,
690 1311 787 1359 magna
799 1295 942 1347 comitante
954 1297 1067 1358 caterva,
1098 1297 1133 1346 40

283 1363 401 1415 Laocoon
414 1363 508 1415 ardens
521 1378 623 1414 summa
636 1361 751 1413 decurrit
764 1362 797 1413 ab
809 1381 885 1425 arce;

283 1428 319 1482 Et
331 1430 438 1496 procul:
457 1431 494 1484 ‘0
509 1430 604 1496 miseri,
617 1447 676 1497 quae
689 1435 765 1482 tanta
777 1431 888 1497 insania,
901 1431 970 1483 cives
981 1431 991 1483 l

283 1498 393 1550 Creditis
406 1503 508 1550 avectos
520 1498 607 1551 hostes
617 1498 627 1551 l
645 1504 694 1552 aut
704 1499 761 1551 ulla
772 1500 872 1568 putatis

283 1567 358 1618 Dona
371 1584 456 1619 carere
468 1566 534 1618 dolis
546 1568 668 1620 Danaum
678 1567 687 1621 l
706 1569 743 1620 sic
754 1575 832 1620 notus
845 1568 935 1621 Ulixes
945 1568 955 1620 l

282 1636 338 1688 Aut
350 1637 398 1688 hoc
410 1635 505 1687 inclusi
517 1635 589 1703 ligno
601 1637 768 1689 occultantur
780 1638 881 1704 Achivi,

283 1705 338 1757 Aut
350 1706 406 1757 haec
417 1706 446 1756 iu
458 1711 558 1756 nostros
570 1705 698 1758 fabricata
710 1713 750 1758 est
761 1708 883 1758 machina
894 1724 990 1772 muros,

283 1773 437 1842 Inspectura
450 1773 545 1839 domos,
557 1781 720 1843 venturaque
733 1777 843 1844 desuper
854 1775 913 1827 urbi
924 1795 931 1839 ;

282 1843 337 1894 Aut
350 1843 444 1909 aliquis
457 1843 523 1896 latet
535 1861 620 1896 error:
639 1862 705 1913 equo
717 1862 750 1896 ne
763 1845 867 1909 credite,
880 1846 981 1897 Teucri.

283 1911 416 1980 Quidquid
428 1913 455 1964 id
469 1919 515 1978 est,
528 1914 607 1966 timeo
619 1914 724 1966 Danaos
737 1921 763 1966 et
776 1915 844 1966 dona
855 1916 984 1968 ferentes*

282 1981 324 2033 Sic
337 1982 414 2048 fatus,
427 1982 521 2035 validis
533 1983 667 2050 ingentem
680 1983 779 2035 viribus
792 1985 894 2036 hastam
1087 1990 1124 2036 50

284 2049 316 2102 In
329 2051 398 2103 latus
411 2051 491 2118 inque
503 2052 553 2104 feri
565 2070 672 2104 curvam
685 2053 852 2120 compagibus
865 2053 955 2105 alvum

283 2120 418 2173 Contorsit.
454 2121 534 2173 Stetit
546 2122 592 2173 illa
604 2127 724 2188 tremens,
736 2130 862 2190 uteroque
874 2139 976 2174 recusso

283 2188 423 2242 Insonuere
435 2207 505 2242 cavae
517 2191 696 2258 gemitumque
709 2191 801 2243 dedere
814 2209 937 2244 caverna.

281 2257 324 2324 Et,
337 2260 358 2310 si
371 2261 427 2311 fata
439 2260 523 2326 deum,
537 2261 558 2311 si
570 2278 643 2311 mens
655 2277 707 2312 non
720 2260 788 2312 laeva
800 2262 900 2327 fuisset,

282 2327 427 2396 Impulerat
439 2330 506 2380 ferro
518 2329 652 2396 Argolicas
663 2329 760 2382 foedare
773 2330 903 2394 latebras;

281 2397 408 2466 Troiaque
420 2416 491 2449 nunc
503 2405 591 2463 stares,
604 2399 754 2465 Priamique
766 2417 814 2451 arx
826 2399 881 2451 alta
892 2416 1017 2451 maneres.

316 2471 329 2497 “
338 2470 412 2536 Ecce,
424 2487 517 2521 manus
526 2472 652 2536 juvenem
665 2470 765 2520 interea
777 2477 836 2536 post
849 2479 923 2536 terga
934 2473 1084 2522 revinctum

283 2540 400 2592 Pastores
412 2554 507 2605 magno
519 2537 553 2589 ad
565 2553 653 2603 regem
665 2535 777 2587 clamore
789 2535 929 2586 trahebant

281 2608 446 2674 Dardanidae,
459 2607 505 2675 qui
517 2624 544 2658 se
556 2605 676 2672 ignotum
688 2604 853 2656 venientibus
866 2603 942 2665 ultro,

282 2679 340 2730 Hoc
352 2678 438 2745 ipsum
450 2682 481 2727 ut
493 2680 612 2739 strueret,
624 2674 779 2740 Trojamque
792 2672 904 2739 aperiret
916 2669 1031 2735 Achivis,
1089 2674 1122 2722 60

270 2747 419 2812 Obtnlerat,
433 2745 520 2798 fidens
532 2744 623 2813 animi,
637 2748 718 2813 atque
728 2743 759 2794 in
768 2748 911 2806 utrumque
924 2748 1040 2806 paratus,

248 2810 310 2866 Seu
326 2817 530 2903 versareodolos,
546 2837 593 2873 scu
608 2824 688 2872 certa
704 2811 861 2869 occumbere
871 2809 957 2860 murti
