2700 3242
277 321 329 374 362
510 314 539 369 P.
558 313 713 370 VIRGILII
730 313 894 369 MARONIS

277 416 432 486 sperabant,
443 433 516 470 nunc
528 434 601 470 arma
612 417 714 485 volunt,
725 417 863 485 foedusque
875 425 1019 487 precantur

278 487 421 554 Infectum,
433 492 461 540 et
472 487 555 539 Turni
567 491 663 539 sortem
674 487 834 539 miserantur
845 487 977 555 iniquam·

276 557 328 609 His
340 557 414 610 aliud
425 558 512 624 majus
524 556 544 609 J
545 563 643 608 uturna
655 556 785 624 adjungit,
798 562 826 608 et
837 556 892 609 alto

277 625 331 678 Dat
343 627 450 694 signum
461 625 543 689 coelo;
578 641 612 677 uo
624 641 679 677 non
691 625 845 693 praesentius
857 626 945 678 ullum

276 694 405 748 Turbavit
416 700 517 747 mentes
530 694 573 747 Ita
600 711 619 758 s,
631 701 799 762 monstroque
811 695 914 748 fefellit.

276 765 397 832 Namque
410 764 501 816 volans
512 763 592 816 rubra
602 763 693 815 fulvus
704 763 724 816 J
725 763 781 815 ovis
792 763 847 816 ales
858 764 888 815 in
899 764 982 816 aethra

274 833 393 888 litoreas
404 832 524 900 agitabat
536 850 596 885 aves
608 832 767 900 turbamque
779 839 916 884 sonantem

275 902 397 970 Agminis
408 902 501 970 aligeri
511 920 519 965 ;
537 902 624 954 subito
636 919 719 969 quum
730 901 820 969 lapsus
832 902 867 954 ad
879 903 964 955 undas

276 971 394 1039 (lycnum
406 971 579 1023 excellentem
591 970 701 1038 pedibus
713 971 784 1038 rapit
796 971 929 1039 improbus
942 972 1025 1026 uncis.
1069 976 1122 1027 250

275 1041 403 1093 Arrexere
414 1041 515 1093 animos
528 1040 601 1108 Itali,
614 1045 768 1108 cunctaeque
780 1039 898 1094 volucres

276 1110 439 1163 convertunt
451 1109 563 1162 clamore
574 1109 675 1177 fugam,
687 1108 808 1162 mirabile
819 1109 886 1177 visu,

275 1178 435 1247 AEtheraque
447 1177 587 1231 obscurant
599 1179 700 1247 pennis,
712 1178 866 1246 hostemque
878 1196 925 1248 per
936 1197 1015 1233 auras

274 1247 357 1300 Facta
368 1248 438 1300 nube
450 1254 590 1315 premunt:
609 1249 692 1300 donec
703 1247 731 1300 vi
743 1247 836 1314 victus,
849 1254 876 1300 et
887 1249 944 1318 ipso

274 1317 392 1370 Pondere
404 1317 507 1384 defecit,
520 1317 688 1386 praedamque
700 1334 734 1369 ex
745 1316 879 1384 unguibus
891 1318 945 1370 ales

273 1386 388 1455 Projecit
399 1386 487 1453 fluvio,
499 1387 657 1456 penitusque
669 1387 698 1439 in
710 1385 803 1438 nubila
813 1386 891 1454 fugit.

273 1456 342 1508 uum
354 1473 414 1509 vero
426 1456 567 1523 augurium
580 1455 675 1509 Rutuli
688 1455 800 1508 elamore
806 1455 937 1537 salutmt,

273 1525 586 1648 tutaturus
593 1545 607 1617 ,ε
620 1524 1048 1664 sumu

273 1661 388 1742 Accipio,
400 1637 563 1728 ag’uoscoque
576 1637 636 1713 deos
646 1613 720 1728 :qmd
731 1679 774 1714 me
786 1661 852 1715 duce
876 1680 963 1716 orrum
1006 1636 1013 1650 .
1064 1668 1116 1718 260

273 1729 408 1798 Corripite,
421 1746 436 1782 o
447 1729 543 1797 miseri,
556 1748 620 1798 quos
632 1731 766 1799 improbus
778 1731 880 1784 advena
890 1731 960 1786 bello

272 1798 393 1865 Territat,
405 1798 534 1852 invalidas
547 1806 578 1851 ut
590 1817 651 1852 ares
664 1806 691 1852 et
703 1800 781 1852 litora
793 1806 880 1853 vestra

272 1868 308 1919 Vi
319 1868 436 1937 populat.
472 1867 549 1921 Petet
560 1869 606 1921 ille
618 1869 718 1937 fugam,
730 1870 889 1938 penitusque
901 1871 1035 1939 profundo

272 1936 339 1990 Vela
351 1937 430 1990 dabit.
467 1937 520 1990 Vos
532 1938 653 1990 unanimi
665 1939 773 1991 densata
785 1945 902 1992 catervas

271 2006 307 2059 Et
318 2024 407 2074 regem
419 2007 491 2059 vobis
502 2024 594 2075 pugna
606 2008 740 2060 defendite
751 2009 882 2076 raptum”

271 2075 356 2142 Dixit,
368 2082 395 2128 et
407 2077 527 2129 adversos
540 2077 623 2129 telum
636 2077 761 2129 contorsit
773 2078 802 2128 in
813 2077 900 2130 hostes

270 2145 445 2210 Procurrens;
463 2146 579 2197 sonitum
591 2147 637 2198 dat
649 2146 762 2198 stridula
773 2164 874 2213 cornus,
886 2154 1004 2200 staurus

270 2214 348 2266 (lenta
360 2219 437 2267 secat.
473 2215 557 2268 Simul
569 2215 626 2282 hcc,
639 2215 717 2268 simul
729 2216 822 2284 ingens
834 2215 939 2284 clamor,
952 2225 979 2270 et
991 2236 1083 2273 omues

270 2282 380 2335 Turbati
393 2284 478 2351 cunei,
491 2285 670 2353 calefactaque
683 2286 760 2337 corda
773 2285 898 2338 tumultu.

269 2351 356 2404 Hasta
367 2352 465 2420 volans,
477 2359 509 2405 ut
522 2353 589 2405 forte
601 2371 695 2406 novem
707 2355 884 2422 pulcherrima
895 2355 1010 2408 ‘fratrum
1063 2361 1115 2412 270

269 2421 381 2489 Corpora
393 2423 565 2474 constiterant
577 2429 674 2489 contra,
688 2441 752 2491 quos
764 2424 818 2476 fida
829 2432 930 2477 crearat

268 2489 329 2543 Una
341 2496 381 2543 tot
393 2491 505 2543 Arcadio
518 2494 615 2560 conjux
627 2493 764 2560 Tyrrhena
777 2494 897 2562 Gylippo‚

268 2558 371 2611 Horum
383 2578 467 2612 unum
479 2560 513 2612 ad
524 2562 648 2628 medium,
662 2562 758 2614 teritur
770 2581 823 2631 qua
835 2563 921 2615 sutilis
934 2564 994 2616 alvo

265 2628 383 2696 Balteus,
397 2635 423 2681 et
435 2631 548 2681 laterum
557 2633 697 2698 juncturas
709 2631 791 2684 fibula
802 2632 912 2697 mordet,

255 2698 408 2772 Egregium
421 2700 507 2756 forma
517 2701 643 2772 juvenem
653 2707 681 2753 et
692 2701 856 2769 fulgentibus
869 2701 955 2768 amris,

247 2771 431 2850 Transadigit
446 2782 545 2846 costas,
555 2773 688 2842 fulvaque
699 2770 812 2824 effundit
820 2787 906 2820 arena.

233 2845 281 2904 At
291 2850 407 2926 fratres,
423 2851 559 2910 animosa
569 2845 699 2922 phalanx
708 2837 968 2903 aceensa-quemad,
