2700 3242
253 279 285 332 82
477 281 506 332 P.
522 279 676 333 VIRCILlI
691 276 852 330 MARONIS

284 397 348 460 Quis
360 396 422 448 deus
435 397 509 463 hane,
522 398 615 464 Muste,
631 398 674 466 qui
688 396 761 448 nobis
773 394 878 446 extudit
890 392 992 444 artemi

249 465 326 516 Unde
337 483 405 517 nora
417 466 547 533 ingressus
559 467 694 519 hominum
707 465 868 532 experientia
880 462 969 529 cepitl

250 533 342 586 Pastor
354 536 477 586 Aristaeus
489 535 592 602 fugiens
605 537 702 587 Peneia
713 535 815 600 Tempe,

250 601 365 665 Amissis,
377 609 408 654 ut
419 603 496 668 fama,
509 605 600 670 apibus
611 605 750 670 morboque
762 603 889 667 fameque,

250 669 341 721 Tristis
353 671 386 722 ad
399 672 508 722 extremi
521 689 621 724 sacrum
634 677 713 740 caput
725 671 829 722 adstitit
840 668 932 732 amnis,

254 738 343 790 Multa
355 756 470 806 querens,
482 746 561 807 atque
573 742 622 794 hac
634 742 728 794 affatus
740 756 802 790 voce
814 742 964 805 parentem:
1030 738 1046 785 3

254 807 268 834 “
278 807 372 872 Mater,
386 808 484 875 Cyrene
495 817 584 874 mater,
598 827 654 876 quae
667 809 778 876 gurgitis
790 807 868 874 hujus

254 875 314 926 Ima
325 881 405 940 tenes,
418 876 479 943 quid
491 892 532 928 me
545 879 666 944 praeclara
678 878 757 944 stirpe
770 875 876 926 deorum

254 943 283 996 Si
294 944 377 1007 modo,
389 962 466 1010 quem
478 946 602 1012 perhibes,
615 954 689 1016 pater
701 952 740 997 est
751 944 919 1011 Thymbraeus
932 941 1031 1008 Apollo,

256 1011 377 1062 Invisum
388 1013 449 1063 fatis
462 1015 594 1078 genuisti?
614 1021 661 1068 ant
673 1032 723 1083 quo
736 1014 785 1065 tibi
796 1013 877 1063 nostri

254 1078 348 1131 Pulsus
361 1081 450 1132 amori
469 1082 532 1148 quid
543 1100 585 1134 me
597 1084 691 1136 ooelum
703 1099 803 1150 sperare
811 1080 940 1147 jubebas?

255 1147 296 1198 En
308 1148 387 1200 etiam
399 1148 469 1200 hune
481 1151 566 1217 ipsum
578 1153 638 1204 vitae
650 1151 766 1203 mortalis
778 1149 907 1214 honorem,

257 1216 338 1278 Quem
350 1216 415 1267 mihi
427 1220 473 1269 vix
484 1219 591 1285 frugum
603 1227 630 1273 et
641 1221 770 1288 pecudum
783 1219 900 1270 custodia
912 1217 991 1269 solers

257 1285 350 1336 Omnia
362 1287 475 1337 tentanti
487 1289 631 1353 extuderat,
643 1295 670 1340 te
681 1293 770 1352 matre,
782 1287 906 1354 relinquo.

257 1353 327 1415 Quin
338 1370 393 1419 ege,
406 1360 432 1405 et
444 1356 499 1422 ipsa
510 1375 590 1409 manu
602 1358 689 1409 felices
700 1374 760 1408 erue
772 1356 866 1418 silvas,

257 1421 307 1472 Fer
319 1422 426 1472 stabulis
439 1423 573 1477 inimicum
585 1427 680 1493 ignem,
690 1431 769 1492 atque
781 1423 895 1475 interfice
907 1438 1001 1473 messes
1011 1439 1019 1484 3
1037 1425 1045 1471 ῖς

257 1490 310 1540 Ure
323 1497 385 1555 sata,
399 1496 425 1540 et
438 1492 550 1544 validam
562 1496 591 1546 in
603 1496 668 1545 vites
680 1493 772 1544 molire
784 1491 938 1559 bipennem:

257 1557 343 1608 Tanta
354 1575 418 1610 meae
431 1559 453 1611 si
466 1565 492 1612 te
504 1568 629 1630 ceperunt
641 1562 719 1613 taedia
730 1560 840 1612 laudis.'‘

258 1629 293 1676 At
305 1634 388 1678 mater
400 1628 516 1680 sonitum
528 1632 643 1682 thalamo
656 1630 704 1681 sub
715 1629 831 1680 fluminis
844 1628 893 1680 alti

258 1693 351 1745 Sensit.
387 1696 453 1747 Eam
465 1698 561 1750 circum
575 1699 680 1751 Milesia
691 1698 787 1750 vellera
798 1697 927 1765 Nymphae

259 1762 411 1829 Carpebant,
423 1765 496 1832 hyali
508 1773 594 1819 saturo
606 1768 695 1818 fucata
707 1765 796 1828 colore,

259 1830 414 1898 Drymoqne,
428 1834 590 1902 Xanthoque,
603 1836 739 1903 Ligeaque,
753 1833 968 1900 Phyllodoceque,

260 1900 394 1952 Caesariem
407 1902 493 1953 effusae
506 1905 617 1956 nitidam
629 1921 675 1972 per
688 1903 799 1954 candida
811 1902 893 1963 colla;

262 1968 361 2029 [Nesaee
373 1970 491 2038 Spioque,
504 1973 651 2039 Thaliaque,
666 1970 882 2038 Cymodoceque]

260 2036 434 2105 Cydippeque,
446 2045 472 2090 et
484 2041 551 2092 flava
563 2041 698 2108 Lycorias:
717 2040 799 2090 altera
810 2039 891 2105 virgo,

260 2105 349 2158 Altera
362 2113 418 2158 tum
431 2108 526 2174 primos
539 2109 642 2160 Lucinae
655 2115 762 2174 experta
773 2107 888 2170 labores;

261 2173 367 2243 Clioque
378 2181 404 2226 et
417 2175 498 2228 Beroe
512 2194 587 2241 soror,
601 2177 763 2229 Oceanitides
775 2175 865 2237 ambae,

260 2241 350 2294 Ambae
362 2261 431 2310 auro,
444 2245 521 2311 pictis
534 2246 653 2296 incinctae
666 2245 777 2312 pellibus
789 2243 888 2306 ambae3

262 2313 346 2378 Atque
359 2311 469 2379 Ephyre,
482 2319 560 2380 atque
573 2315 642 2381 Opis,
655 2319 682 2364 et
694 2314 756 2364 Asia
768 2312 891 2379 Deiopea,

259 2379 295 2432 Et
307 2381 412 2431 tandem
424 2382 514 2448 positis
526 2382 601 2434 velox
613 2382 741 2433 Arethusa
753 2381 860 2447 sagittis.

261 2447 334 2499 Inter
346 2465 409 2515 quas
421 2466 509 2500 euram
523 2449 643 2517 Clymene
654 2450 775 2500 narrabat
787 2451 889 2500 inanem

262 2516 381 2579 Vulcani,
394 2517 540 2586 Martisque
553 2520 622 2570 dolos
635 2524 661 2570 et
674 2518 762 2569 dulcia
773 2519 844 2568 furta
856 2536 862 2577 ;

261 2585 347 2651 Atque
360 2584 428 2637 Chao
442 2587 531 2638 densos
545 2588 634 2638 divum
646 2586 798 2637 numerabat
811 2603 915 2636 amores.

262 2652 380 2705 Carmine
393 2671 443 2719 quo
456 2661 538 2722 captae
552 2657 612 2706 dum
625 2656 689 2706 fusis
701 2656 790 2706 mollia
802 2672 882 2721 pensa

252 2721 414 2786 Berolrunt,
428 2724 524 2774 iterum
539 2731 668 2777 maternas
681 2724 724 2775 im·
736 2724 786 2774 ulit
798 2741 872 2774 aures

235 2782 343 2839 boetus
353 2793 472 2863 Aristaei,
488 2796 634 2868 vitreisque
648 2795 775 2851 sedilibus
788 2809 876 2846 omnes
