2700 3242
565 316 665 371 CIBIS.

198 420 241 476 Sic
253 420 353 490 liquido
365 419 458 488 Scylla
471 419 660 472 circumituum
672 434 775 485 aequora
786 434 879 486 eorpus

198 492 319 545 Semiferi
329 490 437 542 incertis
449 489 529 542 etiam
541 505 612 540 nunc
623 486 743 556 partibus
757 494 832 539 artus

198 561 321 628 Undique
332 558 481 625 mutabant,
492 564 572 627 atque
584 557 701 625 undique
713 555 891 610 mutabuntur.

198 630 257 682 Oris
269 630 350 682 honos
362 628 484 697 primum,
496 634 524 680 et
535 626 627 679 multis
639 631 731 694 optata
741 625 845 692 labella,

198 699 235 752 Ilt
246 698 346 768 patulae
358 697 452 750 frontis
465 696 569 766 species,
582 712 744 748 concrescere
755 695 785 746 in
797 711 880 746 unum

198 768 312 837 coepere,
324 773 352 820 et
363 766 455 835 gracili
467 773 587 818 mentum
599 765 740 834 producere
751 770 841 816 restro.

198 836 274 904 Tum,
287 854 340 904 qua
351 853 378 888 se
389 836 505 888 medium
516 835 611 904 capitis
622 834 762 886 discrimen
774 833 876 900 agebat,

198 905 266 960 Ecce
277 912 392 974 repente,
404 905 478 957 velut
490 905 587 972 patrios
600 903 720 955 imitatus
732 902 849 969 honores,
987 902 1040 953 000

198 975 363 1044 Purpuream
375 974 506 1026 concussit
517 990 585 1041 apex
596 973 626 1024 in
637 973 735 1024 vertice
747 971 866 1024 cristam:

198 1045 236 1098 At
248 1044 334 1096 mollis
346 1044 430 1097 varios
441 1043 563 1095 intexens
575 1042 666 1110 pluma
678 1041 775 1092 colores

198 1113 377 1167 Marmoreum
388 1112 489 1165 volucri
500 1112 608 1164 vestivit
619 1111 735 1178 tegmine
748 1126 848 1178 cerpus,

198 1180 335 1304 Lentrqpp
346 1186 486 1251 perpetuas
498 1180 625 1232 fuderunt
636 1179 744 1232 brachis
755 1196 862 1247 pennas.

199 1252 266 1305 Inde
307 1252 313 1263 '
332 1269 343 1303 s
356 1257 451 1319 partes,
462 1250 595 1317 minioque
607 1248 707 1301 infecta
718 1247 824 1300 rubenti

200 1325 291 1387 Crura,
303 1337 371 1372 nova
382 1319 479 1371 macies
491 1318 603 1370 obduxit
615 1318 736 1386 squalida
748 1317 819 1384 pclli,

198 1387 236 1442 Et
247 1389 357 1458 pedibus
369 1389 465 1440 teneris
477 1404 580 1456 ungues
591 1389 702 1439 confixit
713 1393 811 1439 acutos.

200 1457 237 1510 Et
248 1465 338 1510 tamen
350 1457 399 1510 hoc
411 1458 517 1509 demum
528 1457 629 1509 misorae
641 1472 789 1508 succurrere
800 1462 878 1524 pacto

201 1526 256 1579 Vix
268 1527 355 1579 fuerat
385 1526 471 1579 lacida
483 1526 602 1594 Neptuni
614 1527 725 1593 conjuge
737 1525 855 1592 dignum.

200 1595 345 1665 Nunquam
356 1544 551 1664 illamposthao
563 1595 632 1648 oculi
644 1595 732 1646 videre
744 1611 850 1646 suorum
989 1597 1039 1647 010

199 1664 350 1734 Purpureas
362 1665 430 1719 flavo
442 1666 599 1717 retinentem
611 1665 709 1717 vertice
721 1663 820 1727 vittas;

198 1734 260 1788 Non
271 1734 405 1787 thalamus
417 1734 495 1802 Tyrio
506 1735 626 1802 fragrans
638 1734 740 1803 accepit
751 1750 860 1799 amomo,

197 1803 288 1857 Nullae
299 1804 374 1856 illam
386 1803 466 1857 sedes.
500 1804 570 1868 Quid
578 1806 636 1873 jam
648 1821 709 1855 cum
721 1803 825 1855 sedibus
837 1802 897 1855 illil

199 1873 265 1938 Quae
277 1873 357 1925 simul
368 1878 400 1926 ut
412 1890 467 1925 sese
479 1890 543 1926 cano
556 1874 588 1925 de
600 1874 706 1941 gurgite
718 1872 794 1925 velox

199 1942 267 1995 Cum
279 1943 367 1995 sonitu
378 1942 413 1994 ad
425 1942 519 1994 coelum
531 1941 703 1994 stridentibus
714 1941 813 1993 extulit
824 1940 881 2008 ulis,

198 2011 236 2065 Et
247 2012 363 2064 multum
374 2011 429 2064 lato
441 2011 481 2062 dis
500 2011 563 2063 ersit
574 2011 603 2062 in
615 2027 719 2079 aequore
730 2027 829 2074 rorem;

200 2081 299 2134 Infelix
311 2081 385 2149 virgo
397 2029 577 2148 nequidquam
587 2098 604 2133 a
616 2086 700 2132 morte
710 2086 817 2147 recepta

198 2150 337 2203 Incultum
349 2150 410 2203 solis
421 2150 450 2201 in
462 2149 572 2218 rupibus
584 2149 668 2216 exigit
681 2165 774 2214 sevum,

199 2218 320 2289 Rupibus
329 2226 356 2272 et
368 2218 488 2288 seopulis,
500 2225 528 2271 et
539 2219 658 2272 litoribus
671 2218 787 2270 desertis.

197 2289 225 2341 N
225 2306 255 2342 ec
266 2295 357 2342 tamon
367 2288 417 2341 hoc
428 2289 524 2340 iterum
537 2305 614 2356 poena
626 2289 695 2340 sine:
708 2303 822 2354 namque
829 2285 909 2339 deiim
920 2302 975 2354 rex,
989 2288 1040 2340 tae

199 2358 295 2412 Omnia
307 2358 353 2427 qui
365 2358 474 2426 imperio
485 2364 615 2410 terrarum
626 2357 712 2408 millia
723 2363 818 2420 versat,

199 2427 349 2480 Commotus
360 2427 442 2480 talem
454 2427 488 2479 ad
500 2444 606 2497 superes
618 2426 728 2479 volitare
740 2425 863 2494 puellam,

198 2496 287 2561 Quum
298 2504 374 2566 pater
385 2497 531 2550 exstinctus
542 2513 610 2549 oseca
621 2494 670 2547 sub
681 2501 758 2548 necte
769 2495 872 2564 lateret,

198 2566 244 2619 Illi
256 2567 415 2635 propietate
427 2583 573 2619 sua-nam
586 2582 655 2634 sape
667 2565 770 2632 tepenti

198 2634 333 2703 Sanguine
346 2641 481 2688 taurorum
493 2635 605 2705 supplex
617 2640 775 2703 resperserat
786 2651 863 2699 aras;

198 2704 274 2774 Saepe
284 2704 364 2757 desim
375 2704 450 2773 largo
463 2705 598 2758 decorarat
610 2722 721 2757 munere
732 2704 847 2756 sedes-

198 2773 325 2828 Reddidit
336 2780 454 2843 optatam
467 2782 573 2832 mutato
586 2793 619 2833 eo
652 2777 812 2840 exertam,

195 2840 264 2892 decit
273 2848 304 2896 et
313 2844 342 2895 in
357 2846 435 2900 tomis
449 2847 609 2907 Haliaeetus
651 2855 733 2984 {sut
744 2851 842 2902 esset·-

615 2945 642 2986 Ι)
