2700 3242
270 341 306 396 14
503 337 533 393 P.
551 336 709 391 VIlaslnn
726 334 887 390 MARONIS

274 439 404 510 Aggressi,
416 456 479 494 nam
491 458 560 510 saepe
572 457 652 493 senex
664 457 711 508 spe
722 438 845 492 carminis
857 437 933 491 ambo

273 509 392 578 Luserat,
404 510 529 579 injiciunt
541 510 604 579 ipsis
616 528 650 562 ex
662 509 770 562 vincula
781 508 863 562 sertis.

272 579 357 632 Addit
369 597 396 632 se
409 580 505 632 sociam
517 579 669 647 timidisque
682 578 834 647 supervenit
845 576 965 644 AEgle,-
1080 579 1115 629 20

273 648 359 717 AEgle,
372 649 506 701 Naiadum
518 649 712 717 pulcherrima3
727 649 836 715 jamque
847 646 948 700 ridenti

273 716 429 784 Sanguineis
441 719 555 770 frontem
567 718 645 770 moris
657 723 685 769 et
696 722 815 784 tempora
826 716 920 783 pingit.

270 789 323 842 Ille
335 787 425 841 dolum
436 787 531 851 ridens,
545 787 624 850 “Quo
636 786 744 838 vincula
755 787 861 837 nectitis
869 787 896 837 i”
912 786 1010 852 inquit.

269 857 392 912 “Solvite
403 873 453 923 me,
465 855 541 925 pueri
551 874 558 919 ς
577 855 640 908 satis
652 860 692 907 est
704 856 820 923 potuisse
832 855 926 907 videri.

269 927 401 993 Carmina,
413 943 472 994 quae
484 924 573 992 vultis,
586 925 734 991 cognoscite
744 942 752 988 ;
770 924 886 976 carmina
898 922 978 990 robis,

268 995 343 1052 Huic
355 996 428 1050 aliud
440 993 567 1046 mercedis
579 993 655 1046 erit.”
691 993 779 1046 Simul
791 992 887 1062 incipit
899 992 962 1062 ipse

269 1059 340 1115 Imm
352 1079 412 1114 vero
424 1061 453 1114 in
465 1079 605 1114 numerum
616 1063 773 1130 Faunosque
784 1061 903 1130 ferasque
916 1062 1016 1116 videres

270 1130 381 1198 Ludere,
393 1136 452 1183 tum
463 1131 562 1200 rigidas
573 1137 673 1185 motare
686 1131 824 1184 cacumina
836 1147 954 1199 quercus.

270 1198 326 1252 Nec
337 1205 443 1252 tantum
456 1200 554 1253 Phoebo
566 1201 665 1269 gaudet
678 1200 805 1253 Parnasia
816 1217 894 1270 rupes
904 1219 911 1264 3

271 1267 295 1321 N
296 1286 326 1321 ec
337 1275 444 1322 tantum
457 1270 582 1339 Rhodope
594 1271 726 1322 mirantur
737 1276 765 1322 et
777 1271 892 1323 Ismarus
905 1270 1016 1339 Orphea.
1080 1272 1114 1321 30

304 1338 426 1407 Namque
438 1340 557 1408 canebat,
569 1340 611 1392 uti
623 1357 751 1408 magnum
762 1358 810 1409 per
820 1341 900 1392 inane
912 1345 1002 1392 coacta

269 1405 376 1460 Semina
387 1414 569 1478 terrarumque
580 1410 728 1478 animaeque
739 1410 869 1477 marisque
881 1409 993 1460 fuissent
1093 1446 1102 1463 Ι

269 1474 306 1528 Et
318 1477 414 1545 liquidi
426 1478 506 1531 simul
517 1479 586 1546 ignis
596 1497 603 1532 ε
620 1479 706 1530 uthis
719 1478 826 1530 exordia
837 1478 929 1547 primis

269 1545 371 1612 Omnia,
384 1553 412 1599 et
423 1547 479 1615 ipse
491 1554 565 1600 tener
576 1547 669 1599 mundi
682 1547 842 1598 concreverit
855 1546 922 1598 orbis
932 1564 940 1609 ;

268 1613 338 1667 Pum
351 1615 445 1668 durare
458 1616 543 1668 solum
555 1620 582 1668 et
594 1615 741 1668 discludere
753 1615 839 1666 Nerea
850 1620 930 1683 ponto

271 1682 391 1753 Ooeperit,
404 1691 431 1737 et
443 1702 531 1736 rerum
543 1685 674 1754 paulatim
686 1701 787 1736 sumere
798 1684 895 1735 formas
905 1702 912 1746 ;

268 1753 385 1822 Jamque
396 1771 495 1807 novum
506 1759 582 1806 terrae
595 1759 721 1822 stupeant
733 1752 863 1804 lucescere
876 1752 964 1819 solem,

268 1822 357 1875 Altius
368 1827 448 1892 atque
461 1823 558 1876 cadant
571 1822 697 1875 submotis
708 1821 822 1874 nubibus
834 1821 929 1873 imbres
939 1841 946 1884 ;

270 1891 406 1960 Incipient
418 1892 491 1944 silvae
503 1910 586 1960 quum
598 1892 714 1961 primum
726 1909 839 1959 ungere,
852 1908 986 1960 quumque

267 1961 338 2013 Rara
383 1979 395 2012 r
408 1962 533 2029 ignotos*
545 1971 631 2016 errent
643 1963 768 2016 animalia
779 1968 888 2014 montes.
1078 1964 1112 2012 40

268 2028 341 2081 Hinc
363 2029 453 2098 apides
466 2029 574 2097 Pyrrhae
582 2032 676 2098 jactos,
690 2029 814 2082 Saturnia
825 2046 914 2097 regna,

268 2097 460 2166 Caucasiasque
471 2099 552 2150 refert
564 2100 690 2165 volucres,
701 2099 856 2166 furtumque
869 2099 1025 2151 Promethei.

268 2165 319 2220 His
331 2167 462 2236 adjungit,
475 2167 567 2234 Hylan
579 2174 668 2220 nautae
682 2184 733 2235 quo
744 2168 819 2219 fonte
830 2168 953 2220 relictum

266 2236 437 2303 Clamassent,
450 2243 480 2288 ut
492 2237 563 2304 litus,
575 2237 674 2303 “Hyla
688 2237 784 2303 Hyla,”
797 2255 873 2290 omne
885 2244 1005 2301 sonaret;

266 2304 304 2361 Et
315 2306 486 2374 fortunatam,
499 2307 521 2358 si
532 2323 670 2374 nunquam
683 2311 803 2358 armenta
814 2306 934 2372 firissent,

265 2373 418 2444 Pasiphaen
429 2375 501 2428 nivei
513 2375 613 2428 solatur
624 2391 712 2427 amore
720 2375 835 2442 juvenci.
889 2421 891 2423 .

267 2444 311 2497 Ah
323 2446 396 2513 virgo
408 2445 510 2512 infelix,
523 2462 581 2514 quae
594 2451 621 2497 te
634 2444 768 2497 dementia
780 2445 867 2514 cepit!

266 2513 395 2566 Proetides
408 2514 553 2583 implerunt
564 2515 639 2567 falsis
650 2514 798 2582 mugitibus
810 2531 886 2582 agros
896 2532 904 2578 ;

267 2584 304 2636 Aa
317 2601 369 2636 non
382 2589 437 2635 tam
450 2589 540 2652 turpes
552 2585 685 2652 pecudum
697 2591 787 2636 tamen
798 2584 854 2635 ulla
867 2589 956 2635 secuta
969 2589 1008 2635 est

266 2652 434 2719 Concubitus,
447 2654 566 2720 quamvis
579 2654 645 2705 collo
657 2653 789 2705 timuisset
801 2660 926 2721 aratrum,
1076 2657 1112 2704 50

253 2721 297 2768 Et
304 2739 380 2794 saepe
389 2723 420 2771 1’11
431 2722 486 2776 reu·
499 2723 637 2790 quaesisset
649 2740 747 2775 cornua
758 2723 851 2774 fronte.

233 2780 282 2826 Ab
299 2799 376 2848 mg„
385 2788 496 2858 mfelr'x,
513 2798 543 2844 tu
556 2794 677 2848 nuncin
691 2793 828 2848 montibus
841 2808 930 2846 erras:

213 2833 276 2898 Ille
291 2844 374 2900 latas
384 2855 505 2912 niveum
519 2864 602 2919 mciii
615 2866 709 2922 fultus
722 2865 890 2938 hyacintho,

620 2952 636 2982 ¹⁸¹
654 2954 753 3000 ignaros.
