2700 3242
273 302 327 354 824
500 297 530 353 P.
548 296 706 352 VIRGILII
721 295 886 351 MARONIS

275 402 1058 540 ffleltfiltstlltffitllltttffl
1071 407 1123 458 ¹⁴⁰

275 540 377 609 Magna
388 550 487 610 tropaea
498 543 596 608 fenmt,
609 558 672 609 quos
685 541 732 593 dat
743 546 792 593 tus
803 541 914 593 dextera
925 540 979 594 leto
989 561 997 606 ;

268 610 318 677 ''llu
329 628 432 679 quoque
443 628 516 663 nunc
528 617 610 663 stares
622 611 745 661 immanis
757 616 867 662 truncus
879 611 909 662 in
920 611 1019 676 armis3

277 677 353 733 Esset
365 697 413 748 par
425 685 496 747 astas,
509 685 536 732 et
547 679 617 731 idem
630 679 651 731 si
663 680 743 731 robur
754 679 788 731 ab
800 680 884 746 annis,

277 749 372 802 rums.
407 749 459 802 Sed
471 748 565 801 infelix
577 749 690 801 Teucros
702 749 766 816 quid
778 748 897 801 demoror
908 749 988 802 armis
999 748 1011 802 i

277 816 382 885 Vadite,
394 824 422 870 et
434 818 489 871 haec
501 835 627 870 memores
638 817 695 886 regi
706 817 834 870 mandata
844 819 957 871 referte:

278 888 354 951 Quod
366 887 449 940 vitam
460 905 546 939 moror
557 887 678 950 invisam,
691 886 813 939 Pallante
823 894 948 955 peremto,

277 955 394 1009 Dextera
406 974 485 1009 causa
496 961 545 1008 tua
556 961 596 1008 est
606 975 613 1019 ;
631 956 752 1008 Turnum
764 962 879 1024 natoque
890 956 1014 1025 patrique

280 1024 365 1088 Quam
377 1025 470 1077 debere
482 1025 562 1078 vidos.
598 1025 702 1077 Meritis
714 1031 792 1078 vacat
803 1025 848 1077 hio
860 1025 910 1077 tibi
922 1026 994 1078 solus

274 1093 454 1162 *Fortunaque
465 1095 544 1146 locus.
580 1094 640 1146 Non
652 1095 714 1146 vitae
726 1095 824 1162 gaudia
836 1111 931 1161 quaro,
988 1128 990 1133 ,
1076 1099 1126 1149 1³0

277 1161 305 1216 N
305 1181 334 1216 ec
345 1163 385 1216 fas
396 1181 402 1216 :
420 1164 465 1216 sed
477 1169 540 1216 nato
551 1181 643 1215 manes
654 1164 770 1231 perferre
782 1162 831 1215 sub
842 1162 927 1216 imos'

315 1232 415 1285 Aurora
427 1233 527 1285 interea
538 1233 639 1285 miseris
650 1232 806 1284 mortalibus
818 1233 916 1285 almam

278 1301 421 1356 Extulerat
432 1302 526 1369 lucem,
538 1303 652 1354 referens
665 1318 744 1370 opera
755 1307 837 1369 atque
847 1301 956 1355 labores

279 1371 343 1424 Jam
355 1377 430 1439 pater
441 1371 545 1439 AEneas,
554 1372 611 1439 jam
623 1388 703 1423 curvo
714 1371 744 1422 in
755 1371 832 1423 litore
844 1371 964 1423 Tarchon

279 1441 444 1493 Constituere
455 1458 550 1509 pyras:
569 1441 621 1492 huc
633 1457 741 1508 corpora
752 1441 863 1508 quisque
875 1457 983 1492 suorum

281 1508 354 1562 More
365 1510 450 1561 tulere
462 1516 569 1578 patrum
579 1529 586 1574 ;
605 1509 781 1577 subjectisque
793 1509 899 1576 ignibus
911 1510 977 1561 atris

281 1579 408 1632 Conditur
419 1580 447 1630 in
459 1580 580 1632 tenebras
592 1579 678 1631 altum
690 1578 803 1645 caligine
815 1578 917 1630 coelum.

280 1648 331 1700 Ter
342 1648 439 1700 circum
452 1665 579 1714 accensos,
591 1648 672 1700 cincti
684 1647 848 1714 fulgentibus
860 1647 947 1714 annis,

280 1716 423 1770 Decurrere
435 1734 509 1785 rogos
520 1737 527 1781 ;
545 1723 586 1769 ter
597 1723 721 1768 maestum
732 1716 833 1768 funeris
845 1716 933 1783 ignem

280 1786 437 1839 Lustravere
449 1787 477 1838 in
490 1787 563 1852 equis
574 1805 580 1849 ;
599 1787 771 1852 ululatusque
784 1803 827 1837 ore
840 1785 941 1836 dedere.
1078 1790 1127 1839 190

280 1855 420 1924 Spargitur
432 1862 459 1908 et
471 1856 550 1908 tellus
562 1855 684 1920 lacrimis,
697 1860 858 1923 sparguntur
870 1862 896 1906 et
908 1871 991 1906 anna.

281 1924 308 1976 lt
320 1925 384 1977 coelo
397 1925 545 1993 clamorque
557 1925 644 1977 virum
657 1924 815 1991 clangorque
827 1922 959 1976 tubarum

280 1994 353 2047 Hinc
365 1995 411 2047 alii
424 1995 506 2063 spolia
519 1994 608 2046 occisis
621 1995 729 2062 derepta
741 1993 844 2045 Latinis

281 2064 432 2133 (lonjieiunt
444 2064 508 2131 igni,
520 2064 615 2131 galeas,
629 2079 753 2130 ensesque
765 2062 877 2128 decoros,

281 2132 425 2201 Frenaque,
438 2134 620 2200 ferventesque
632 2138 702 2183 rotas
714 2151 720 2194 ;
738 2149 798 2199 pars
809 2148 921 2182 munera
932 2136 1004 2198 uota,

282 2202 403 2270 Ipsorum
415 2203 518 2270 clipeos,
532 2208 558 2254 et
570 2220 623 2253 non
635 2201 724 2253 felicia
736 2201 796 2252 tela.

280 2270 370 2325 Multa
382 2272 460 2324 boum
473 2273 542 2323 circa
553 2277 706 2322 mactantur
718 2287 825 2337 corpora
837 2268 918 2321 Morti
929 2287 936 2331 ;

281 2341 471 2409 Saetigerosque
484 2359 542 2392 sues
554 2348 695 2408 raptasque
708 2357 742 2391 ex
754 2339 875 2390 omnibus
887 2339 958 2405 agris

282 2410 314 2461 In
327 2411 459 2462 flammam
468 2411 596 2478 jugulant
608 2410 729 2478 pecudes.
765 2409 834 2460 'lum
846 2407 922 2459 litore
934 2414 990 2459 toto

281 2479 411 2531 Ardentes
424 2486 545 2548 spectant
557 2480 644 2543 socios,
658 2479 834 2545 semiustaque
847 2483 952 2528 servant
1079 2479 1128 2531 200

280 2547 365 2600 Busta
376 2568 381 2609 ;
400 2566 484 2615 neque
498 2549 575 2600 avelli
589 2554 705 2616 possunt,
717 2564 770 2598 nox
783 2546 893 2598 humida
905 2545 989 2599 donec

279 2615 396 2670 invertit
409 2619 503 2670 coelum
516 2617 598 2669 stollis
610 2617 796 2683 fulgentibus·
809 2624 909 2682 aptum.

266 2696 270 2719 '
307 2689 337 2744 N
337 2708 369 2744 ec
381 2690 472 2744 minus
485 2694 513 2744 et
523 2688 614 2742 miseri
625 2687 726 2739 diuersa
736 2687 765 2737 in
777 2692 852 2753 parte
864 2684 954 2736 Latini

263 2760 438 2820 Innumcras
453 2770 579 2819 struxere
589 2775 672 2832 pyras
681 2776 692 2821 ·,
711 2761 739 2806 et
749 2771 855 2818 corpere
860 2754 960 2819 qsxt'nn

257 2832 294 2893 M
294 2838 323 2894 ul
327 2845 362 2896 ta
377 2840 477 2896 virum
489 2845 574 2894 terra
585 2830 742 2888 iutodsunt,
749 2828 895 2885 assemque
902 2821 1003 2882 samm

666 2921 680 2948 s
693 2908 821 2953 ardemusus
