2700 3242
267 335 320 387 260
483 334 513 386 P.
532 331 688 386 VIRGILII
707 329 870 384 MARONIS

267 437 371 506 Aspice,
383 437 430 505 qui
442 437 537 489 coeant
549 433 647 504 populi,
662 449 721 501 qua
732 433 830 484 moenia
841 430 937 483 clausis

268 507 378 560 Ferrum
389 510 488 558 acuam
499 505 581 574 portis
592 503 622 554 in
633 520 676 555 me
688 501 874 569 excidiumque
884 494 1024 580 meorum?

267 575 396 640 Dixerat3
413 579 441 627 et
452 573 536 627 niveis
547 573 610 624 hinc
622 577 702 640 atque
713 571 776 622 hinc
789 569 851 622 diva
861 570 966 621 lacertis

269 645 444 697 Cunctantem
456 643 582 711 amplexu
593 641 667 693 molli
679 641 758 693 fovet.
794 639 845 691 Ille
855 644 964 706 repente

268 713 380 782 Accepit
392 713 496 766 solitam
507 711 641 764 flammam
653 727 660 774 3
678 715 809 777 notusque
820 707 950 787 medullas

269 782 386 836 Intravit
397 781 475 848 calor,
487 786 515 834 et
526 779 658 833 labefacta
670 795 717 848 per
729 795 787 830 ossa
798 783 933 829 cucumt:
1064 775 1095 825 39

269 851 330 905 Non
342 868 416 904 secus
428 854 509 918 atque
521 849 592 916 olim,
604 848 707 900 tonitru
719 864 802 916 quum
812 851 893 914 rupta
905 860 1012 897 corusco

270 920 353 989 Ignea
364 921 432 972 rima
443 920 544 972 micans
556 918 686 987 percurrit
697 916 799 968 lumine
810 914 919 968 nimbos.

270 989 358 1042 Sensit
368 988 431 1042 lata
442 988 509 1040 dolis
521 993 548 1040 et
560 988 650 1039 forma
662 986 766 1038 conscia
777 986 881 1052 conjux.

269 1058 338 1111 Tum
385 1065 426 1111 ter
438 1063 534 1109 aterno
545 1055 619 1108 fatur
630 1055 769 1108 devinctus
781 1071 885 1106 amore:

271 1122 286 1148 “
294 1075 385 1184 Quid1²
376 1137 468 1173 causas
480 1121 548 1189 petis
560 1139 594 1174 ex
605 1122 681 1175 altol
698 1124 797 1197 {iducis
808 1123 886 1175 cessit

272 1183 329 1247 Quo
341 1184 399 1251 tibi,
412 1184 473 1237 diva
492 1185 564 1238 meil
583 1185 681 1239 Similis
694 1203 716 1238 sr
728 1186 904 1253 censuisset,

270 1251 339 1304 Tum
350 1269 454 1322 quoque
465 1225 506 1306 ias
518 1255 592 1306 nobie
604 1255 717 1307 Teucros
728 1272 829 1308 armare
840 1255 934 1307 fuisset
946 1273 952 1318 ;

271 1321 327 1374 Nec
339 1321 419 1374 Peter
430 1322 595 1391 omnipotens
606 1323 718 1391 Trojam,
730 1341 779 1377 nec
790 1324 848 1376 fata
859 1323 988 1377 vetabant

271 1389 354 1457 Stare,
366 1391 508 1459 decemque
520 1392 583 1445 alios
597 1392 733 1444 Priamum
744 1410 876 1464 superesse
888 1410 1036 1462 perennes.

270 1459 307 1512 Et
319 1477 398 1526 nunc,
411 1460 433 1512 si
445 1460 542 1513 bellare
554 1478 638 1530 paras,
650 1468 731 1530 etque
742 1462 800 1515 hoec
811 1462 862 1516 tibi
872 1479 947 1515 mens
959 1469 1008 1530 eet,
1062 1465 1095 1513 40

271 1528 406 1596 Quidquid
419 1529 448 1581 in
460 1536 516 1582 arte
527 1547 587 1582 mea
598 1546 704 1599 possum
715 1532 868 1601 promittere
879 1547 957 1598 cura,

271 1596 347 1660 Quod
358 1598 415 1650 fieri
427 1599 495 1650 ferro
506 1598 639 1666 liquidove
651 1607 739 1669 potest
750 1601 853 1668 electro,

271 1665 406 1729 Quantum
418 1667 492 1735 ignes
504 1668 652 1736 animaque
663 1671 771 1734 valent3
789 1670 885 1723 absiste
896 1671 1029 1739 precando

270 1734 377 1787 Viribus
388 1736 539 1788 indubitare
551 1737 628 1791 tuis.”
665 1739 705 1790 Ea
717 1739 796 1792 verba
807 1739 911 1792 locutus

271 1803 381 1873 Optatos
394 1806 467 1857 dedit
480 1806 624 1874 amplexus,
636 1806 824 1875 placidumque
835 1807 932 1876 petivit

271 1873 394 1942 Oonjugis
406 1875 509 1927 infusus
522 1876 620 1942 gremio
632 1893 680 1944 per
690 1877 807 1929 membra
819 1894 944 1946 soporem

306 1943 372 1996 Inde
384 1943 430 1996 ubi
442 1944 528 2012 prima
540 1945 613 2012 quies
625 1946 712 1998 medio
719 1948 777 2013 jam
789 1947 873 1999 noctis
885 1945 986 1999 abactae

270 2011 405 2065 Curriculo
418 2014 556 2082 expulerat
568 2031 688 2066 somnum
701 2034 707 2077 ;
725 2032 808 2082 quum
819 2016 919 2067 femina
930 2017 1055 2084 primum,

271 2082 319 2134 Oui
331 2082 441 2134 tolerare
454 2082 509 2134 colo
522 2083 604 2135 vitam
617 2085 744 2152 tenuique
756 2085 877 2137 Minerva

270 2151 434 2219 Impositum,
447 2152 561 2204 cinerem
572 2159 599 2204 et
612 2153 709 2221 sopitos
721 2155 830 2206 suscitat
842 2155 915 2221 ignes
1066 2161 1095 2208 41

269 2219 380 2272 Noctem
393 2221 492 2273 addens
504 2221 575 2290 operi
588 2240 594 2285 ;
612 2223 777 2290 famulasque
789 2224 822 2275 ad
836 2224 938 2275 lumina
949 2223 1030 2292 longo

269 2288 382 2342 Exercet
393 2307 480 2358 penso,
493 2296 595 2342 castum
607 2298 639 2344 ut
651 2309 753 2344 servare
765 2292 851 2344 cubile

270 2357 401 2426 Oonjugis‚
413 2364 440 2410 et
450 2360 533 2440 possit
545 2377 638 2428 parvos
650 2361 759 2413 educere
771 2369 863 2414 natos:

269 2427 351 2479 Haud
364 2445 437 2480 secus
448 2428 598 2496 rgnipotens
610 2447 658 2482 nec
670 2436 786 2499 tempore
799 2434 902 2499 segnior
914 2432 959 2484 illo

269 2496 395 2548 Mollibus
408 2515 422 2549 e
435 2498 523 2549 stratis
536 2515 614 2566 opera
626 2500 660 2551 ad
672 2500 779 2552 fabrilia
791 2503 882 2569 surgit.

271 2565 363 2617 Insula
376 2565 509 2618 Sicanium
517 2569 598 2634 juxta
610 2569 681 2621 latus
693 2569 859 2638 AEeliamque

269 2634 388 2701 Erigitur
400 2636 519 2702 Liparen,
532 2637 697 2690 fumantibus
709 2640 792 2691 ardua
804 2639 874 2691 suxis
886 2658 892 2692 :

264 2703 351 2769 Quam
364 2703 457 2760 subter
469 2722 563 2778 specus
574 2712 602 2760 et
614 2707 757 2778 Cyclopum
770 2725 847 2761 exesa
859 2709 970 2762 caminis

249 2777 343 2833 Antra
353 2778 471 2836 AEtnaea
484 2784 593 2851 tonant,
603 2778 742 2850 validique
749 2777 889 2830 incudibus
897 2779 967 2830 ictus

238 2850 345 2907 Auditi
356 2854 494 2911 referunt
508 2855 658 2930 gemitum,
670 2850 843 2917 striduntque
853 2846 973 2897 seuerius
1074 2853 1095 2897 tr
