2700 3242
496 283 696 338 euoeewou
713 284 779 336 ΜΒ.
798 285 843 337 iv.
1052 288 1083 340 81

198 450 201 455 ἢ
254 388 374 440 Fautores
385 390 413 439 et
424 403 503 440 crrrra
514 387 607 453 legunt
618 403 698 455 prope
709 385 818 437 flumina
829 385 922 438 Mellae.

252 455 341 521 Hujus
354 455 459 506 odorato
470 455 568 505 radices
580 455 689 521 incoque
700 454 809 519 Baccho,

252 522 405 590 Pabulaque
417 523 445 573 in
456 522 553 573 foribus
565 523 649 588 plenis
660 539 760 589 appone
772 521 897 572 canistris,
1031 523 1080 570 280

286 590 339 642 Sed
351 591 373 641 si
385 605 463 657 quem
475 590 558 658 proles
570 589 655 641 subito
667 589 790 641 defecerit
802 589 891 653 omnis,

250 657 315 722 Nec,
327 674 410 725 genus
421 658 492 709 unde
503 673 576 709 norae
588 657 675 725 stirpis
687 662 827 721 revocetur,
839 656 944 707 habebit
956 675 961 715 ;

252 725 367 844 ssempus
379 731 406 777 et
418 725 523 777 Arcadii
534 725 701 776 memoranda
711 725 819 776 inventa
830 725 947 789 magistri

275 810 309 844 an

251 793 579 929 mtttttttttlt
588 793 663 912 35:33
670 793 935 911 jaffipofflgpa

250 928 399 997 Expedium
428 929 495 980 rima
505 935 623 995 repetens
636 927 668 979 ab
681 928 780 993 origine
792 928 896 978 famam,

250 996 321 1048 Nam
333 1014 385 1065 qua
419 997 485 1048 ellaei
497 1013 559 1063 gens
571 997 705 1047 fortunata
717 995 814 1062 Canopi

253 1065 355 1116 Accolit
367 1063 446 1115 effuso
459 1070 623 1130 stagnantem
635 1063 742 1114 flumine
754 1063 852 1127 Nilum,

250 1131 287 1183 Et
300 1133 398 1183 circum
409 1131 486 1199 pictis
499 1131 602 1183 vehitur
614 1147 661 1182 sua
672 1148 734 1181 rura
747 1131 850 1192 faselis;

253 1199 361 1265 Quaque
372 1199 528 1266 pharetrata
539 1199 635 1251 ricinia
647 1198 759 1249 Persidis
771 1205 855 1264 urget,
1030 1201 1079 1248 200

248 1265 298 1384 J[llt
306 1266 565 1334 viridemAEgyptum
577 1267 652 1332 nigra
664 1266 788 1318 fecundat
800 1283 884 1332 arena,

265 1340 287 1387 rt
299 1335 400 1386 diversa
410 1352 488 1386 ruens
501 1340 598 1402 septem
611 1334 732 1384 discurrit
743 1334 772 1383 in
784 1333 839 1403 ora]

250 1401 341 1469 Usque
353 1402 471 1454 coloratis
483 1402 566 1453 amnis
578 1402 692 1454 devexus
704 1401 737 1452 ab
750 1401 838 1454 Indis:

250 1468 342 1521 Omnis
354 1470 382 1521 in
393 1471 443 1522 hac
456 1475 552 1522 certam
563 1469 634 1535 regio
642 1469 709 1536 jacit
721 1474 777 1520 arte
789 1469 905 1521 salutem.

249 1536 370 1604 Exiguus
382 1538 495 1606 primum
507 1544 585 1605 atque
596 1538 664 1605 ipses
677 1543 824 1588 contractus
836 1538 869 1588 ad
883 1554 943 1587 usus

250 1604 366 1672 Eligitur
376 1606 463 1658 locus:
481 1605 551 1657 hunc
563 1604 719 1673 angustique
731 1604 837 1656 imbrice
850 1606 912 1656 teeti

249 1671 448 1741 Parietibusque
459 1679 581 1741 premunt
593 1674 678 1739 arctis,
690 1678 717 1724 et
729 1678 840 1740 quatuor
851 1675 958 1735 addunt,

250 1740 370 1803 Quatuor
381 1758 398 1793 a
409 1742 501 1807 ventis,
513 1741 618 1807 obliqua
629 1740 687 1792 luce
698 1741 830 1793 fenestras.

249 1808 318 1860 'Pum
329 1809 436 1875 vitulus,
448 1809 519 1861 bima
530 1826 640 1860 curvans
649 1811 706 1875 jam
718 1825 814 1860 cornua
825 1809 917 1873 fronte,

250 1875 398 1940 Quaeritur3
414 1876 477 1928 huic
488 1878 597 1943 gemina
610 1893 683 1928 nares
696 1881 722 1928 ct
734 1877 839 1942 spiritus
851 1877 901 1928 eris
1024 1880 1075 1928 300

248 1941 337 1996 Multa
347 1944 487 1996 reluctanti
500 1944 623 2009 obsuitur‚
635 1944 771 2011 plagisque
782 1949 897 2011 peremto

248 2010 338 2064 Tunsa
349 2029 396 2078 per
406 2012 536 2079 integram
548 2014 685 2064 solvuntur
697 2012 794 2063 viscera
806 2012 907 2079 pellem,

250 2077 293 2131 Sic
304 2079 419 2147 positum
431 2080 459 2131 in
471 2080 557 2132 clause
569 2080 700 2147 linquunt,
713 2086 740 2131 et
751 2097 838 2130 ramea
850 2080 925 2130 costis

249 2145 400 2214 SubJ'iciunt
410 2148 564 2215 fragmenta,
576 2147 705 2215 thymum,
717 2148 850 2213 casiasque
861 2154 981 2199 recentes.

247 2214 307 2266 Hoc
317 2215 425 2282 geritur,
438 2216 556 2283 zephyris
568 2215 682 2283 primum
693 2215 886 2282 impellentibus
898 2216 988 2277 undas,

246 2283 318 2334 Ante
329 2283 404 2335 nevis
415 2283 527 2335 rubeant
538 2300 616 2350 quam
629 2288 704 2350 prata
716 2283 849 2344 celeribus,
862 2288 923 2333 ante

248 2350 359 2402 emula
370 2367 450 2418 quam
461 2350 541 2418 tignis
553 2351 645 2402 nidum
657 2351 798 2418 suspendat
810 2350 927 2401 hirundo.

246 2418 353 2470 Interea
364 2419 459 2470 teneris
471 2419 617 2486 tepefactus
629 2418 657 2469 in
669 2419 767 2470 ossibus
779 2418 872 2468 humor

246 2486 372 2549 AEstuat3
390 2492 416 2539 et
428 2487 534 2538 visenda
545 2486 627 2537 modis
639 2486 763 2537 animalia
774 2486 852 2550 miris,

244 2553 352 2606 Trunca
362 2555 459 2622 pedum
471 2555 560 2623 primo,
572 2571 633 2606 mox
645 2560 672 2606 et
685 2554 821 2605 stridentia
833 2552 931 2621 pennis,
1025 2557 1075 2606 :310

244 2621 400 2689 Miscentur,
411 2628 567 2690 tenuemque
578 2622 662 2688 magis
673 2623 756 2687 magis
768 2624 829 2672 aera
841 2628 951 2688 carpunt
962 2641 969 2684 ;

245 2690 343 2756 Donec,
355 2697 387 2743 ut
399 2691 495 2742 aestivis
506 2691 602 2742 effusus
613 2688 727 2741 nubibus
739 2689 828 2756 imber,

244 2758 368 2834 Erupere,
381 2764 428 2809 aut
440 2764 470 2808 ut
479 2775 559 2810 nervo
567 2758 696 2830 pulsante
708 2760 823 2831 sagitta,

233 2823 323 2870 J’nma
333 2824 405 2874 lares
411 2825 508 2878 meunt
519 2830 545 2882 si
555 2830 666 2899 quande
680 2833 781 2904 preclia
791 2833 902 2890 Parthi.

647 2919 668 2957 G
