2700 3242
280 301 331 352 150
518 296 547 352 Ρ.
561 295 717 350 VIRGILII
735 296 900 352 Maaouls

276 399 416 468 Suspectus
428 397 551 452 habuisse
563 399 652 452 domos
665 397 831 466 Carthaginis
843 398 912 451 11111,

275 468 327 522 Sed
340 468 399 538 quis
413 469 463 522 erit
474 469 568 521 modus
578 468 587 520 1
606 473 654 520 aut
666 484 719 535 quo
730 484 803 519 nunc
816 469 961 521 certamina
973 470 1071 524 tantai

276 538 348 602 Quin
359 538 448 607 potius
459 555 552 606 pacem
564 543 690 589 aeternam
701 542 844 605 pactosque
855 537 1007 604 hymenaeos

275 606 435 659 Exercemus
445 606 455 659 1
474 607 562 674 habes,
574 612 632 659 tota
643 605 715 673 quod
726 615 815 658 mente
827 606 934 674 petisti:
1073 612 1123 662 100

274 677 359 729 Ardet
371 693 462 728 amans
474 675 552 743 Dido,
564 675 700 742 traxitque
712 692 760 743 per
771 692 828 727 ossa
838 676 962 730 furorem.

276 745 446 798 Communem
458 745 530 797 hunc
542 761 603 811 ergo
615 743 744 825 populum
755 744 915 813 paribusque
926 762 1050 814 regamus

274 815 407 883 Auspiciis
418 832 425 877 ;
442 814 522 865 liceat
534 813 651 881 Phrygio
663 829 759 864 servrre
770 815 874 879 marito,

273 881 428 951 Dotalisque
440 888 494 934 tuae
507 882 597 949 Tyrios
609 882 763 950 permittere
775 880 901 936 dextrae.”

309 951 479 1004 Olli-sensit
491 952 562 1003 enim
576 950 700 1002 simulata
711 957 800 1004 mente
812 952 936 1020 locutam,

274 1020 332 1084 Quo
344 1037 456 1089 regnum
469 1019 555 1072 Italiae
568 1019 680 1086 Libycas
692 1026 823 1074 averteret
835 1038 927 1074 oras—

274 1089 317 1142 811
329 1096 420 1142 contra
432 1094 472 1141 est
483 1088 600 1156 ingressa
613 1089 720 1141 Venus:
734 1089 751 1118 ‘⁴
759 1089 824 1152 Quis
836 1089 901 1140 talia
911 1085 1020 1138 demens

273 1159 391 1225 Abnuat,
403 1164 451 1210 aut
463 1163 552 1210 tecum
563 1157 641 1210 malit
653 1158 811 1211 contendere
823 1156 891 1210 bello
901 1158 911 1208 1

274 1227 399 1294 simodo,
411 1227 481 1295 quod
493 1244 629 1294 memoras,
641 1227 744 1279 factum
756 1227 864 1280 fortuna
876 1231 1008 1295 sequatur.

273 1295 325 1349 Sed
338 1297 400 1349 fatis
413 1296 514 1349 incerta
526 1296 603 1364 feror,
616 1297 638 1348 si
650 1296 760 1365 Jupiter
771 1313 854 1348 unam
1073 1299 1124 1351 110

273 1365 337 1418 Esse
349 1365 415 1419 velit
427 1365 513 1434 Tyriis
525 1364 617 1417 urbem
629 1365 758 1433 Trojaque
770 1365 903 1433 prosectis,

274 1433 414 1487 Miscerive
425 1433 519 1502 probet
530 1433 648 1502 populos,
660 1439 709 1486 aut
721 1435 820 1486 foedera
827 1435 914 1502 jungi.

273 1502 315 1555 111
327 1505 443 1572 conjux;
462 1503 513 1554 tibi
524 1503 565 1554 fas
577 1503 697 1555 animum
709 1508 812 1556 tentare
825 1504 963 1570 precando.

275 1569 376 1635 Perge;
395 1567 512 1634 sequar.”
547 1567 615 1620 'ium
628 1567 665 1620 sio
678 1567 783 1635 excepit
794 1567 866 1635 regia
878 1567 969 1622 June:

276 1637 407 1686 “Mecum
418 1634 470 1685 erit
481 1632 531 1685 iste
543 1633 624 1688 labor.
659 1635 685 1688 N
687 1652 738 1687 unc
750 1651 804 1702 qua
815 1636 926 1704 ratione,
937 1637 1008 1706 quod
1020 1638 1113 1705 instat,

275 1701 387 1754 Confieri
400 1702 490 1770 possit,
502 1703 601 1770 paucis,
614 1703 729 1768 adverte,
741 1703 845 1756 docebo.

275 1770 409 1823 Venatum
421 1770 518 1823 AEneas
529 1788 635 1839 unaque
646 1771 793 1824 miserrima
805 1772 874 1825 Dido

275 1837 308 1891 In
320 1856 412 1891 nemus
424 1839 463 1892 ire
474 1845 578 1908 parant,
590 1840 638 1892 ubi
649 1841 747 1908 primos
759 1841 889 1894 crastinus
902 1848 974 1895 ortus

274 1907 411 1961 Extulerit
422 1907 511 1976 Titan,
523 1909 655 1976 radiisque
666 1911 793 1963 retexerit
806 1910 901 1964 orbern.

275 1977 325 2029 His
337 1995 385 2045 ego
397 1977 549 2044 nigrantem
561 1978 706 2031 commixta
718 1979 847 2046 grandine
859 1980 988 2043 nimbum.
1073 1986 1125 2036 120

274 2046 347 2099 Dum
358 2047 494 2115 trepidant
507 2047 563 2113 alae,
576 2047 712 2115 saltusque
724 2048 850 2116 indagine
862 2050 983 2116 cingam,

274 2114 393 2184 Desuper
404 2115 552 2183 infundam,
565 2122 592 2169 11
604 2116 711 2173 tonitru.
719 2118 815 2169 coelum
827 2135 903 2171 omne
915 2121 995 2173 ciebo.
1012 2158 1014 2163 ,

274 2184 423 2252 Diffugient
435 2185 550 2249 comites,
564 2191 591 2237 et
603 2191 680 2237 nocte
692 2191 817 2253 tegentur
829 2204 927 2256 opaca:

275 2253 435 2322 Speluncam
446 2253 516 2306 Dido
530 2254 585 2306 dux
598 2259 626 2306 et
638 2254 766 2322 Trojanus
778 2256 888 2308 eandem

274 2322 430 2375 Devenient.
466 2323 560 2389 Adero,
573 2329 608 2388 et,
621 2329 669 2375 tua
681 2324 703 2375 si
714 2324 782 2375 mihi
794 2331 865 2377 certa
877 2327 1009 2393 voluntas,

275 2391 410 2444 Connubio
419 2394 533 2459 jungam
545 2392 633 2444 stabili
645 2394 829 2461 propriamque
842 2395 941 2448 dicabo,

275 2459 328 2512 Hic
342 2461 503 2528 Hymenaeus
516 2461 590 2513 erit.’'
625 2461 650 2513 N
652 2478 686 2512 on
698 2461 837 2513 adversata
848 2461 950 2529 petenti

273 2529 386 2596 Annuit,
399 2535 479 2598 atque
492 2531 557 2582 dolis
569 2531 628 2583 risit
641 2532 770 2599 Cytherea
781 2534 899 2601 repertis.

311 2597 445 2649 Oceanum
457 2599 559 2652 interea
571 2617 680 2667 surgens
692 2602 794 2654 Aurora
805 2603 939 2671 relinquit.

274 2666 303 2717 It
312 2667 406 2733 portis,
414 2668 509 2735 jubare
522 2675 619 2735 exorto,
633 2671 735 2722 delecta
743 2673 870 2738 juventus
881 2690 887 2725 ε
1074 2677 1126 2729 130

258 2733 343 2785 Retia
353 2753 424 2805 rara,
435 2737 536 2810 plagae,
550 2737 605 2794 lato
618 2739 749 2795 venabula
760 2740 836 2808 ferro,

243 2797 424 2878 osassylique
436 2820 528 2868 ruunt
542 2813 658 2888 equites,
670 2820 700 2870 et
713 2811 796 2867 odora
807 2809 965 2864 eanumr‘xa

194 2962 208 3039 1
