2700 3242
277 309 328 359 080
504 304 533 359 P.
553 304 707 358 VIRGILII
725 302 888 358 Minurus

275 405 346 459 Vina
356 406 437 458 refert
448 407 578 469 moriens;
596 406 639 458 hic
651 406 724 458 furto
735 405 852 458 fervidus
865 406 954 458 instat.
1068 406 1121 458 350

273 475 390 544 Jamque
402 475 435 527 ad
448 475 563 544 Messapi
575 475 655 527 socios
668 475 801 542 tendebat,
813 475 860 526 ubi
872 475 962 542 ignem

273 544 390 597 Deficere
402 551 557 610 extremum,
570 550 597 596 et
609 545 733 611 religatos
744 545 796 596 rite
808 544 915 596 videbat

273 614 383 682 Carpere
395 631 504 681 gramen
516 630 596 682 equos
606 631 611 665 :
629 612 744 665 breviter
756 631 816 665 cum
828 612 894 664 talia
906 613 1032 680 Nisus,-

272 682 360 735 Sensit
372 684 442 735 enim
454 683 537 736 nimia
549 683 619 735 caede
631 689 710 750 atque
723 682 847 759 cupidine
857 682 957 733 ferri-

271 751 286 777 “
296 749 483 815 Absistemus,”
494 750 534 802 ait
545 767 551 802 :
570 752 585 777 “
593 765 655 800 nam
663 754 713 800 lux
724 750 832 800 immica
845 749 1014 817 propinquat

271 817 415 870 Poenarum
427 818 586 869 exhaustum
598 819 661 870 satis
673 825 714 870 est
725 837 732 881 ;
751 820 794 869 via
806 819 877 869 facta
890 835 936 884 per
948 817 1065 872 hostes.”

271 885 361 940 Multa
373 888 459 940 virum
471 887 553 940 solido
564 893 673 954 argento
686 887 803 956 perfecta
813 886 970 955 relinquunt

271 957 412 1024 Armaque,
425 961 590 1026 craterasque
603 956 689 1022 simul,
702 955 876 1025 pulchrosque
888 961 1001 1024 tapetas.

270 1023 402 1094 Euryalus
414 1025 534 1094 phaleras
548 1025 703 1077 Rhamnetis
715 1031 742 1076 et
754 1042 834 1077 aurea
846 1023 926 1077 bullis

270 1094 390 1163 Cingula,
402 1094 507 1147 Tiburti
519 1094 630 1147 Remulo
642 1095 787 1146 ditissimus
800 1094 862 1146 olim
1064 1097 1116 1149 360

270 1163 334 1228 Quae
346 1164 431 1216 mittit
443 1164 518 1231 dona,
531 1163 645 1233 hospitio
657 1181 740 1232 quum
748 1165 874 1231 jungeret
886 1162 986 1232 absens,

270 1233 388 1286 Caedicus
399 1252 406 1297 ;
424 1233 469 1285 ille
483 1250 529 1286 suo
541 1234 652 1285 moriens
665 1233 712 1285 dat
724 1232 820 1285 habere
831 1233 922 1301 nepoti
933 1250 941 1297 ;

269 1300 332 1355 Post
343 1309 455 1355 mortem
466 1303 535 1354 bello
549 1303 643 1355 Rutuli
654 1319 798 1371 pugnaque
810 1303 905 1370 potiti:

268 1371 334 1424 Haec
345 1373 423 1440 rapit,
435 1378 516 1440 atque
528 1372 643 1424 humeris
654 1372 835 1441 nequidquam
846 1371 959 1424 fortibus
970 1374 1055 1440 aptat.

268 1441 336 1493 Tum
348 1441 451 1509 galeam
463 1442 578 1510 Messapi
589 1441 704 1493 habilem
717 1441 854 1509 cristisque
866 1440 987 1494 decoram

267 1509 367 1564 Induit.
403 1511 544 1563 Excedunt
556 1511 655 1578 castris,
668 1518 696 1564 et
708 1517 768 1562 tuta
780 1516 927 1579 capessunt

302 1580 407 1633 Interea
419 1581 545 1649 praemissi
558 1581 659 1649 equites
671 1597 705 1634 ex
717 1580 781 1631 urbe
793 1580 896 1647 latina,

266 1649 359 1702 Cetera
370 1650 435 1701 dum
446 1650 515 1718 legio
527 1651 626 1718 campis
638 1651 769 1702 instructa
780 1657 906 1717 moratur,

266 1718 352 1785 ibant,
365 1725 393 1771 et
405 1719 492 1771 Turno
504 1719 572 1786 regis
585 1736 708 1788 responsa
719 1719 847 1786 ferebant,

265 1787 430 1856 Tercentum,
443 1789 540 1840 scutati
552 1806 641 1840 omnes
655 1789 793 1841 Volscente
805 1788 939 1855 magistro.
1061 1791 1113 1842 ³70

264 1857 285 1909 J
285 1875 379 1926 amque
391 1858 603 1926 propinquabant
615 1858 714 1923 castris,
727 1875 867 1926 murosque
879 1856 1013 1925 subibant,

265 1927 353 1990 Quum
365 1927 456 1995 procul
468 1927 514 1979 hos
527 1927 593 1979 laevo
604 1927 739 1979 flectentes
752 1927 837 1980 limite
849 1933 980 1990 cernunt;

263 1996 299 2048 Et
310 1997 386 2065 galea
399 1997 544 2064 Euryalum
558 1997 684 2048 sublustri
696 1998 780 2049 noctis
793 1997 821 2047 in
833 1995 927 2048 umbra

263 2064 383 2118 Prodidit
394 2067 579 2132 immemorem,
592 2066 724 2134 radiisque
736 2066 845 2119 adversa
857 2065 970 2118 refulsit.

262 2134 343 2188 Haud
356 2142 453 2188 temere
465 2143 504 2188 est
516 2136 609 2188 visum.
638 2135 791 2188 Conclamat
803 2135 836 2188 ab
848 2135 954 2203 agmine
967 2134 1111 2188 Volscens:

263 2206 279 2229 “
289 2203 370 2267 State,
384 2203 449 2266 viri;
467 2219 526 2269 quae
539 2218 617 2252 causa
629 2202 700 2253 viee?
718 2203 797 2270 quive
809 2203 871 2254 estis
883 2203 911 2253 in
924 2203 1004 2254 armis
1020 2206 1028 2256 l

265 2271 354 2333 Quove
366 2272 461 2322 tenetis
474 2271 523 2321 iter
532 2269 558 2321 l”
576 2269 649 2319 Nihil
664 2270 704 2320 illi
717 2271 822 2324 tendere
834 2279 925 2323 contra
937 2291 945 2335 ;

260 2337 311 2389 Sed
324 2338 435 2391 celerare
447 2339 538 2407 fugam
552 2340 580 2390 in
592 2339 679 2405 silvas,
691 2347 718 2392 et
730 2341 810 2392 fidere
821 2341 902 2394 nocti

261 2407 397 2475 Objiciunt
409 2409 509 2528 equites
523 2426 576 2461 sese
588 2409 622 2460 ad
635 2409 749 2461 divortia
761 2416 824 2462 nota

260 2475 331 2528 Hinc
341 2484 421 2544 atque
450 2478 500 2543 inc,
510 2495 665 2546 omnemque
674 2478 778 2530 abitum
787 2479 895 2532 custode
905 2485 1040 2533 coronant.
1058 2485 1110 2534 380

259 2544 332 2597 Silva
343 2546 403 2613 fuit,
416 2546 469 2598 late
482 2546 567 2599 dumis
580 2553 661 2615 atque
673 2548 734 2600 ilice
745 2549 822 2616 nigra

259 2613 379 2682 Horrida,
394 2633 473 2683 quam
486 2616 559 2668 densi
572 2617 734 2686 complerant
747 2618 865 2687 undique
878 2624 963 2671 sentes
975 2637 982 2683 ς

251 2682 325 2737 Rara
333 2702 387 2755 per
398 2686 513 2739 occultos
526 2685 631 2738 lucebat
643 2687 737 2739 semita
749 2688 836 2740 calles.

237 2752 394 2826 Euryalum
410 2757 530 2815 tenebrae
542 2776 680 2815 ramorum
691 2774 849 2825 onerosaque
856 2756 949 2824 praeda

221 2823 402 2905 Impediunt,
419 2834 556 2910 fallitque
568 2834 653 2892 timor
666 2830 780 2901 regione
789 2828 905 2880 aarum
