<?xml version="1.0" encoding="UTF-8"?>
<!DOCTYPE html PUBLIC "-//W3C//DTD XHTML 1.0 Transitional//EN"
    "http://www.w3.org/TR/xhtml1/DTD/xhtml1-transitional.dtd">
<html xmlns="http://www.w3.org/1999/xhtml" xml:lang="en" lang="en">
 <head>
  <title>
</title>
<meta http-equiv="Content-Type" content="text/html;charset=utf-8" />
  <meta name='ocr-system' content='tesseract 3.04.00' />
  <meta name='ocr-capabilities' content='ocr_page ocr_carea ocr_par ocr_line ocrx_word'/>
</head>
<body>
  <div class='ocr_page' id='page_1' title='image "./operaomnia00virggoog/operaomnia00virggoog_0368.png"; bbox 0 0 2700 3242; ppageno 0'>
   <div class='ocr_carea' id='block_1_1' title="bbox 267 315 891 376">
    <p class='ocr_par' dir='ltr' id='par_1_1' title="bbox 267 315 891 376">
     <span class='ocr_line' id='line_1_1' title="bbox 267 315 891 376; baseline -0.008 -1"><span class='ocrx_word' id='word_1_1' title='bbox 267 327 322 376; x_wconf 81' lang='grc'>’364</span> <span class='ocrx_word' id='word_1_2' title='bbox 506 320 536 374; x_wconf 90' lang='grc' dir='ltr'>Ρ.</span> <span class='ocrx_word' id='word_1_3' title='bbox 554 318 709 373; x_wconf 79' lang='lat' dir='ltr'><strong>VIRGILII</strong></span> <span class='ocrx_word' id='word_1_4' title='bbox 727 315 891 371; x_wconf 69' lang='lat' dir='ltr'>ultoris</span> 
     </span>
    </p>
   </div>
   <div class='ocr_carea' id='block_1_2' title="bbox 271 417 1124 2619">
    <p class='ocr_par' dir='ltr' id='par_1_2' title="bbox 271 417 1122 2067">
     <span class='ocr_line' id='line_1_2' title="bbox 271 417 967 488; baseline -0.007 -14"><span class='ocrx_word' id='word_1_5' title='bbox 271 423 313 474; x_wconf 89' lang='lat' dir='ltr'>Ad</span> <span class='ocrx_word' id='word_1_6' title='bbox 326 421 422 474; x_wconf 85' lang='lat' dir='ltr'>coslum</span> <span class='ocrx_word' id='word_1_7' title='bbox 434 419 554 473; x_wconf 77' lang='lat' dir='ltr'>undabat</span> <span class='ocrx_word' id='word_1_8' title='bbox 566 426 666 488; x_wconf 87' lang='lat' dir='ltr'>vertex,</span> <span class='ocrx_word' id='word_1_9' title='bbox 680 419 828 487; x_wconf 89' lang='lat' dir='ltr'>turrimque</span> <span class='ocrx_word' id='word_1_10' title='bbox 840 417 967 481; x_wconf 84' lang='lat' dir='ltr'>tenebat;</span> 
     </span>
     <span class='ocr_line' id='line_1_3' title="bbox 271 487 979 608; baseline -0.004 -66"><span class='ocrx_word' id='word_1_11' title='bbox 271 492 384 557; x_wconf 76' lang='lat' dir='ltr'>Turrim,</span> <span class='ocrx_word' id='word_1_12' title='bbox 397 490 539 559; x_wconf 76' lang='lat' dir='ltr'><strong>compactis</strong></span> <span class='ocrx_word' id='word_1_13' title='bbox 551 487 669 542; x_wconf 77' lang='lat' dir='ltr'>trabibus</span> <span class='ocrx_word' id='word_1_14' title='bbox 682 505 763 556; x_wconf 85' lang='lat' dir='ltr'>quam</span> <span class='ocrx_word' id='word_1_15' title='bbox 774 488 903 540; x_wconf 77' lang='lat' dir='ltr'><strong>eduxerat</strong></span> <span class='ocrx_word' id='word_1_16' title='bbox 913 487 979 608; x_wconf 53' lang='lat' dir='ltr'>{lw’</span> 
     </span>
     <span class='ocr_line' id='line_1_4' title="bbox 272 558 988 626; baseline -0.008 -12"><span class='ocrx_word' id='word_1_17' title='bbox 272 560 419 614; x_wconf 85' lang='lat' dir='ltr'>Subdidera</span> <span class='ocrx_word' id='word_1_18' title='bbox 450 576 484 610; x_wconf 91' lang='lat' dir='ltr'>ue</span> <span class='ocrx_word' id='word_1_19' title='bbox 495 565 573 625; x_wconf 89' lang='lat' dir='ltr'>rotas,</span> <span class='ocrx_word' id='word_1_20' title='bbox 585 565 730 626; x_wconf 75' lang='lat' dir='ltr'><strong>pontesque</strong></span> <span class='ocrx_word' id='word_1_21' title='bbox 742 558 902 610; x_wconf 78' lang='lat' dir='ltr'>instraverat</span> <span class='ocrx_word' id='word_1_22' title='bbox 940 562 988 608; x_wconf 87' lang='lat' dir='ltr'>tos.</span> 
     </span>
     <span class='ocr_line' id='line_1_5' title="bbox 273 624 993 695; baseline -0.007 -15"><span class='ocrx_word' id='word_1_23' title='bbox 273 630 288 657; x_wconf 81' lang='lat'>·‘</span> <span class='ocrx_word' id='word_1_24' title='bbox 298 629 317 680; x_wconf 89' lang='lat' dir='ltr'><strong>J</strong></span> <span class='ocrx_word' id='word_1_25' title='bbox 318 645 362 680; x_wconf 84' lang='lat' dir='ltr'>sm</span> <span class='ocrx_word' id='word_1_26' title='bbox 369 629 427 695; x_wconf 84' lang='lat' dir='ltr'>jam</span> <span class='ocrx_word' id='word_1_27' title='bbox 466 632 502 693; x_wconf 86' lang='lat' dir='ltr'>ta,</span> <span class='ocrx_word' id='word_1_28' title='bbox 514 643 592 693; x_wconf 88' lang='lat' dir='ltr'>soror,</span> <span class='ocrx_word' id='word_1_29' title='bbox 604 632 731 694; x_wconf 84' lang='lat' dir='ltr'>superant</span> <span class='ocrx_word' id='word_1_30' title='bbox 742 644 750 689; x_wconf 91' lang='lat'>;</span> <span class='ocrx_word' id='word_1_31' title='bbox 768 625 865 679; x_wconf 84' lang='lat' dir='ltr'>absiste</span> <span class='ocrx_word' id='word_1_32' title='bbox 876 624 993 688; x_wconf 80' lang='lat' dir='ltr'>moreri3</span> 
     </span>
     <span class='ocr_line' id='line_1_6' title="bbox 273 695 969 762; baseline -0.001 -15"><span class='ocrx_word' id='word_1_33' title='bbox 273 695 332 759; x_wconf 78' lang='lat' dir='ltr'>Quo</span> <span class='ocrx_word' id='word_1_34' title='bbox 345 696 409 747; x_wconf 93' lang='lat' dir='ltr'>deus</span> <span class='ocrx_word' id='word_1_35' title='bbox 421 700 448 746; x_wconf 91' lang='lat' dir='ltr'>et</span> <span class='ocrx_word' id='word_1_36' title='bbox 460 712 512 762; x_wconf 92' lang='lat' dir='ltr'>quo</span> <span class='ocrx_word' id='word_1_37' title='bbox 524 695 591 746; x_wconf 86' lang='lat' dir='ltr'>dura</span> <span class='ocrx_word' id='word_1_38' title='bbox 602 695 807 761; x_wconf 66' lang='lat' dir='ltr'>vocationum,</span> <span class='ocrx_word' id='word_1_39' title='bbox 819 710 969 761; x_wconf 85' lang='lat' dir='ltr'>sequamur.</span> 
     </span>
     <span class='ocr_line' id='line_1_7' title="bbox 273 759 1074 832; baseline -0.005 -15"><span class='ocrx_word' id='word_1_40' title='bbox 273 765 332 817; x_wconf 80' lang='lat' dir='ltr'>Stat</span> <span class='ocrx_word' id='word_1_41' title='bbox 345 765 462 816; x_wconf 86' lang='lat' dir='ltr'>conferre</span> <span class='ocrx_word' id='word_1_42' title='bbox 473 781 583 816; x_wconf 89' lang='lat' dir='ltr'>manum</span> <span class='ocrx_word' id='word_1_43' title='bbox 596 763 695 830; x_wconf 84' lang='lat' dir='ltr'>AEneae,</span> <span class='ocrx_word' id='word_1_44' title='bbox 708 769 769 829; x_wconf 88' lang='lat' dir='ltr'>stat,</span> <span class='ocrx_word' id='word_1_45' title='bbox 782 762 913 832; x_wconf 91' lang='lat' dir='ltr'>quidquid</span> <span class='ocrx_word' id='word_1_46' title='bbox 924 759 1014 814; x_wconf 81' lang='lat' dir='ltr'>acerbi</span> <span class='ocrx_word' id='word_1_47' title='bbox 1024 766 1074 828; x_wconf 87' lang='lat' dir='ltr'>est,</span> 
     </span>
     <span class='ocr_line' id='line_1_8' title="bbox 274 829 998 901; baseline -0.003 -16"><span class='ocrx_word' id='word_1_48' title='bbox 274 833 361 885; x_wconf 87' lang='lat' dir='ltr'>Morte</span> <span class='ocrx_word' id='word_1_49' title='bbox 374 833 449 901; x_wconf 83' lang='lat' dir='ltr'>pati3</span> <span class='ocrx_word' id='word_1_50' title='bbox 467 849 516 884; x_wconf 87' lang='lat' dir='ltr'>nec</span> <span class='ocrx_word' id='word_1_51' title='bbox 528 849 570 884; x_wconf 91' lang='lat' dir='ltr'>me</span> <span class='ocrx_word' id='word_1_52' title='bbox 582 833 738 899; x_wconf 87' lang='lat' dir='ltr'>indecorem,</span> <span class='ocrx_word' id='word_1_53' title='bbox 751 849 884 901; x_wconf 82' lang='lat' dir='ltr'>germana,</span> <span class='ocrx_word' id='word_1_54' title='bbox 896 829 998 884; x_wconf 89' lang='lat' dir='ltr'>videbis</span> 
     </span>
     <span class='ocr_line' id='line_1_9' title="bbox 275 897 1122 970; baseline -0.001 -17"><span class='ocrx_word' id='word_1_55' title='bbox 275 901 404 970; x_wconf 89' lang='lat' dir='ltr'>Amplius.</span> <span class='ocrx_word' id='word_1_56' title='bbox 436 901 524 968; x_wconf 91' lang='lat' dir='ltr'>Hunc,</span> <span class='ocrx_word' id='word_1_57' title='bbox 537 918 587 967; x_wconf 88' lang='lat' dir='ltr'>oro,</span> <span class='ocrx_word' id='word_1_58' title='bbox 599 899 656 953; x_wconf 87' lang='lat' dir='ltr'>sine</span> <span class='ocrx_word' id='word_1_59' title='bbox 668 918 711 953; x_wconf 90' lang='lat' dir='ltr'>me</span> <span class='ocrx_word' id='word_1_60' title='bbox 722 901 810 952; x_wconf 86' lang='lat' dir='ltr'>furere</span> <span class='ocrx_word' id='word_1_61' title='bbox 821 905 884 953; x_wconf 88' lang='lat' dir='ltr'>ante</span> <span class='ocrx_word' id='word_1_62' title='bbox 895 897 1034 954; x_wconf 80' lang='lat' dir='ltr'>iurorem.”</span> <span class='ocrx_word' id='word_1_63' title='bbox 1069 903 1122 952; x_wconf 85' lang='lat'>680</span> 
     </span>
     <span class='ocr_line' id='line_1_10' title="bbox 276 969 899 1037; baseline -0.005 -14"><span class='ocrx_word' id='word_1_64' title='bbox 276 971 361 1037; x_wconf 84' lang='lat' dir='ltr'>Dixit,</span> <span class='ocrx_word' id='word_1_65' title='bbox 374 976 401 1022; x_wconf 90' lang='lat' dir='ltr'>et</span> <span class='ocrx_word' id='word_1_66' title='bbox 413 987 428 1022; x_wconf 91' lang='lat' dir='ltr'>e</span> <span class='ocrx_word' id='word_1_67' title='bbox 440 986 519 1021; x_wconf 92' lang='lat' dir='ltr'>curru</span> <span class='ocrx_word' id='word_1_68' title='bbox 531 970 629 1021; x_wconf 86' lang='lat' dir='ltr'>saltum</span> <span class='ocrx_word' id='word_1_69' title='bbox 641 970 716 1021; x_wconf 90' lang='lat' dir='ltr'>dedit</span> <span class='ocrx_word' id='word_1_70' title='bbox 728 969 800 1021; x_wconf 91' lang='lat' dir='ltr'>ocius</span> <span class='ocrx_word' id='word_1_71' title='bbox 812 969 899 1032; x_wconf 80' lang='lat' dir='ltr'>arvis3</span> 
     </span>
     <span class='ocr_line' id='line_1_11' title="bbox 275 1038 1010 1107; baseline 0 -17"><span class='ocrx_word' id='word_1_72' title='bbox 275 1039 377 1107; x_wconf 89' lang='lat' dir='ltr'>Perque</span> <span class='ocrx_word' id='word_1_73' title='bbox 389 1040 484 1104; x_wconf 91' lang='lat' dir='ltr'>hostes,</span> <span class='ocrx_word' id='word_1_74' title='bbox 496 1055 544 1105; x_wconf 88' lang='lat' dir='ltr'>per</span> <span class='ocrx_word' id='word_1_75' title='bbox 555 1038 610 1090; x_wconf 86' lang='lat' dir='ltr'>tela</span> <span class='ocrx_word' id='word_1_76' title='bbox 621 1039 693 1101; x_wconf 87' lang='lat' dir='ltr'>ruit;</span> <span class='ocrx_word' id='word_1_77' title='bbox 712 1044 883 1106; x_wconf 84' lang='lat' dir='ltr'>maestamque</span> <span class='ocrx_word' id='word_1_78' title='bbox 896 1054 1010 1090; x_wconf 86' lang='lat' dir='ltr'>sororem</span> 
     </span>
     <span class='ocr_line' id='line_1_12' title="bbox 274 1106 962 1175; baseline 0 -16"><span class='ocrx_word' id='word_1_79' title='bbox 274 1108 385 1173; x_wconf 89' lang='lat' dir='ltr'>Deserit,</span> <span class='ocrx_word' id='word_1_80' title='bbox 397 1124 428 1159; x_wconf 87' lang='lat' dir='ltr'>ac</span> <span class='ocrx_word' id='word_1_81' title='bbox 440 1106 532 1174; x_wconf 87' lang='lat' dir='ltr'>rapido</span> <span class='ocrx_word' id='word_1_82' title='bbox 544 1123 622 1158; x_wconf 88' lang='lat' dir='ltr'>cursu</span> <span class='ocrx_word' id='word_1_83' title='bbox 634 1107 722 1158; x_wconf 90' lang='lat' dir='ltr'>media</span> <span class='ocrx_word' id='word_1_84' title='bbox 734 1108 842 1174; x_wconf 82' lang='lat' dir='ltr'>agmina</span> <span class='ocrx_word' id='word_1_85' title='bbox 853 1107 962 1175; x_wconf 84' lang='lat' dir='ltr'>rumpit</span> 
     </span>
     <span class='ocr_line' id='line_1_13' title="bbox 274 1175 907 1244; baseline -0.002 -15"><span class='ocrx_word' id='word_1_86' title='bbox 274 1177 314 1228; x_wconf 89' lang='lat' dir='ltr'>Ac</span> <span class='ocrx_word' id='word_1_87' title='bbox 326 1176 410 1228; x_wconf 89' lang='lat' dir='ltr'>veluti</span> <span class='ocrx_word' id='word_1_88' title='bbox 422 1175 518 1227; x_wconf 91' lang='lat' dir='ltr'>montis</span> <span class='ocrx_word' id='word_1_89' title='bbox 531 1192 624 1227; x_wconf 87' lang='lat' dir='ltr'>saxum</span> <span class='ocrx_word' id='word_1_90' title='bbox 637 1175 669 1226; x_wconf 89' lang='lat' dir='ltr'>de</span> <span class='ocrx_word' id='word_1_91' title='bbox 683 1177 781 1228; x_wconf 87' lang='lat' dir='ltr'>vertice</span> <span class='ocrx_word' id='word_1_92' title='bbox 792 1193 907 1244; x_wconf 88' lang='lat' dir='ltr'>praeceps</span> 
     </span>
     <span class='ocr_line' id='line_1_14' title="bbox 276 1244 961 1311; baseline 0.001 -15"><span class='ocrx_word' id='word_1_93' title='bbox 276 1245 364 1307; x_wconf 85' lang='lat' dir='ltr'>Quum</span> <span class='ocrx_word' id='word_1_94' title='bbox 376 1245 438 1311; x_wconf 90' lang='lat' dir='ltr'>ruit,</span> <span class='ocrx_word' id='word_1_95' title='bbox 451 1245 573 1297; x_wconf 85' lang='lat' dir='ltr'>avulsum</span> <span class='ocrx_word' id='word_1_96' title='bbox 585 1250 671 1310; x_wconf 88' lang='lat' dir='ltr'>vento,</span> <span class='ocrx_word' id='word_1_97' title='bbox 684 1262 731 1296; x_wconf 91' lang='lat' dir='ltr'>seu</span> <span class='ocrx_word' id='word_1_98' title='bbox 742 1244 865 1297; x_wconf 88' lang='lat' dir='ltr'>turbidus</span> <span class='ocrx_word' id='word_1_99' title='bbox 876 1244 961 1297; x_wconf 87' lang='lat' dir='ltr'>imber</span> 
     </span>
     <span class='ocr_line' id='line_1_15' title="bbox 275 1312 907 1382; baseline 0.005 -18"><span class='ocrx_word' id='word_1_100' title='bbox 275 1313 386 1380; x_wconf 84' lang='lat' dir='ltr'>Proluit,</span> <span class='ocrx_word' id='word_1_101' title='bbox 398 1319 446 1365; x_wconf 86' lang='lat' dir='ltr'>aut</span> <span class='ocrx_word' id='word_1_102' title='bbox 458 1314 535 1364; x_wconf 83' lang='lat' dir='ltr'>annis</span> <span class='ocrx_word' id='word_1_103' title='bbox 547 1313 625 1365; x_wconf 87' lang='lat' dir='ltr'>solvit</span> <span class='ocrx_word' id='word_1_104' title='bbox 638 1312 762 1382; x_wconf 84' lang='lat' dir='ltr'>sublapsa</span> <span class='ocrx_word' id='word_1_105' title='bbox 773 1320 907 1378; x_wconf 83' lang='lat' dir='ltr'>vetustas3</span> 
     </span>
     <span class='ocr_line' id='line_1_16' title="bbox 275 1382 991 1451; baseline 0.003 -17"><span class='ocrx_word' id='word_1_106' title='bbox 275 1382 371 1434; x_wconf 82' lang='lat' dir='ltr'>Fertur</span> <span class='ocrx_word' id='word_1_107' title='bbox 383 1382 412 1433; x_wconf 93' lang='lat' dir='ltr'>in</span> <span class='ocrx_word' id='word_1_108' title='bbox 424 1382 568 1450; x_wconf 86' lang='lat' dir='ltr'>abruptum</span> <span class='ocrx_word' id='word_1_109' title='bbox 579 1400 676 1450; x_wconf 82' lang='lat' dir='ltr'>magno</span> <span class='ocrx_word' id='word_1_110' title='bbox 688 1400 763 1434; x_wconf 91' lang='lat' dir='ltr'>mons</span> <span class='ocrx_word' id='word_1_111' title='bbox 775 1382 909 1451; x_wconf 91' lang='lat' dir='ltr'>improbus</span> <span class='ocrx_word' id='word_1_112' title='bbox 920 1387 991 1447; x_wconf 81' lang='lat' dir='ltr'>actu,</span> 
     </span>
     <span class='ocr_line' id='line_1_17' title="bbox 273 1451 900 1520; baseline 0.005 -18"><span class='ocrx_word' id='word_1_113' title='bbox 273 1451 453 1519; x_wconf 84' lang='lat' dir='ltr'>Exsultatque</span> <span class='ocrx_word' id='word_1_114' title='bbox 465 1451 526 1519; x_wconf 89' lang='lat' dir='ltr'>solo,</span> <span class='ocrx_word' id='word_1_115' title='bbox 539 1451 625 1518; x_wconf 90' lang='lat' dir='ltr'>silvas,</span> <span class='ocrx_word' id='word_1_116' title='bbox 638 1458 765 1518; x_wconf 86' lang='lat' dir='ltr'>armenta,</span> <span class='ocrx_word' id='word_1_117' title='bbox 778 1453 900 1520; x_wconf 87' lang='lat' dir='ltr'>virosque</span> 
     </span>
     <span class='ocr_line' id='line_1_18' title="bbox 274 1520 956 1589; baseline 0.003 -18"><span class='ocrx_word' id='word_1_118' title='bbox 274 1520 415 1572; x_wconf 79' lang='lat' dir='ltr'>Involvens</span> <span class='ocrx_word' id='word_1_119' title='bbox 428 1537 532 1573; x_wconf 88' lang='lat' dir='ltr'>secum:</span> <span class='ocrx_word' id='word_1_120' title='bbox 551 1521 661 1588; x_wconf 87' lang='lat' dir='ltr'>disjecta</span> <span class='ocrx_word' id='word_1_121' title='bbox 673 1538 720 1589; x_wconf 88' lang='lat' dir='ltr'>per</span> <span class='ocrx_word' id='word_1_122' title='bbox 732 1522 839 1588; x_wconf 84' lang='lat' dir='ltr'>agmina</span> <span class='ocrx_word' id='word_1_123' title='bbox 851 1521 956 1573; x_wconf 73' lang='lat' dir='ltr'>Turnus</span> 
     </span>
     <span class='ocr_line' id='line_1_19' title="bbox 277 1587 1122 1658; baseline 0 -18"><span class='ocrx_word' id='word_1_124' title='bbox 277 1588 320 1640; x_wconf 82' lang='lat' dir='ltr'>Sic</span> <span class='ocrx_word' id='word_1_125' title='bbox 334 1587 403 1641; x_wconf 90' lang='lat' dir='ltr'>urbis</span> <span class='ocrx_word' id='word_1_126' title='bbox 415 1590 470 1641; x_wconf 86' lang='lat' dir='ltr'>ruit</span> <span class='ocrx_word' id='word_1_127' title='bbox 482 1590 517 1641; x_wconf 90' lang='lat' dir='ltr'>ad</span> <span class='ocrx_word' id='word_1_128' title='bbox 528 1607 623 1656; x_wconf 90' lang='lat' dir='ltr'>muros,</span> <span class='ocrx_word' id='word_1_129' title='bbox 637 1590 683 1640; x_wconf 90' lang='lat' dir='ltr'>ubi</span> <span class='ocrx_word' id='word_1_130' title='bbox 695 1590 811 1658; x_wconf 90' lang='lat' dir='ltr'>plurima</span> <span class='ocrx_word' id='word_1_131' title='bbox 822 1591 881 1642; x_wconf 87' lang='lat' dir='ltr'>fuso</span> <span class='ocrx_word' id='word_1_132' title='bbox 1069 1593 1122 1641; x_wconf 80' lang='lat'>690</span> 
     </span>
     <span class='ocr_line' id='line_1_20' title="bbox 276 1658 1039 1727; baseline 0.001 -17"><span class='ocrx_word' id='word_1_133' title='bbox 276 1658 411 1725; x_wconf 82' lang='lat' dir='ltr'>Sanguine</span> <span class='ocrx_word' id='word_1_134' title='bbox 423 1664 493 1710; x_wconf 92' lang='lat' dir='ltr'>terra</span> <span class='ocrx_word' id='word_1_135' title='bbox 505 1659 602 1725; x_wconf 85' lang='lat' dir='ltr'>madet,</span> <span class='ocrx_word' id='word_1_136' title='bbox 615 1659 784 1727; x_wconf 89' lang='lat' dir='ltr'>striduntque</span> <span class='ocrx_word' id='word_1_137' title='bbox 796 1658 937 1711; x_wconf 86' lang='lat' dir='ltr'>hastilibus</span> <span class='ocrx_word' id='word_1_138' title='bbox 949 1676 1039 1724; x_wconf 73' lang='lat' dir='ltr'>eurae3</span> 
     </span>
     <span class='ocr_line' id='line_1_21' title="bbox 275 1726 980 1806; baseline 0.003 -28"><span class='ocrx_word' id='word_1_139' title='bbox 275 1726 463 1806; x_wconf 78' lang='lat' dir='ltr'>Significatque</span> <span class='ocrx_word' id='word_1_140' title='bbox 474 1745 563 1792; x_wconf 80' lang='lat' dir='ltr'>manu,</span> <span class='ocrx_word' id='word_1_141' title='bbox 577 1734 603 1778; x_wconf 89' lang='lat' dir='ltr'>et</span> <span class='ocrx_word' id='word_1_142' title='bbox 615 1745 711 1794; x_wconf 82' lang='lat' dir='ltr'>magno</span> <span class='ocrx_word' id='word_1_143' title='bbox 724 1728 803 1779; x_wconf 91' lang='lat' dir='ltr'>simul</span> <span class='ocrx_word' id='word_1_144' title='bbox 816 1729 910 1796; x_wconf 87' lang='lat' dir='ltr'>incipit</span> <span class='ocrx_word' id='word_1_145' title='bbox 922 1745 980 1780; x_wconf 85' lang='lat' dir='ltr'>ore:</span> 
     </span>
     <span class='ocr_line' id='line_1_22' title="bbox 275 1793 1031 1862; baseline 0.004 -17"><span class='ocrx_word' id='word_1_146' title='bbox 275 1795 289 1821; x_wconf 86' lang='lat'><strong>“</strong></span> <span class='ocrx_word' id='word_1_147' title='bbox 300 1794 404 1845; x_wconf 83' lang='lat' dir='ltr'>Parcite</span> <span class='ocrx_word' id='word_1_148' title='bbox 411 1810 476 1860; x_wconf 82' lang='lat' dir='ltr'>Jam,</span> <span class='ocrx_word' id='word_1_149' title='bbox 490 1793 582 1845; x_wconf 87' lang='lat' dir='ltr'>Rutuli</span> <span class='ocrx_word' id='word_1_150' title='bbox 595 1813 602 1857; x_wconf 86' lang='lat'>;</span> <span class='ocrx_word' id='word_1_151' title='bbox 621 1800 648 1847; x_wconf 90' lang='lat' dir='ltr'>et</span> <span class='ocrx_word' id='word_1_152' title='bbox 661 1812 706 1847; x_wconf 88' lang='lat' dir='ltr'>vos</span> <span class='ocrx_word' id='word_1_153' title='bbox 718 1795 772 1847; x_wconf 83' lang='lat' dir='ltr'>tela</span> <span class='ocrx_word' id='word_1_154' title='bbox 784 1794 911 1862; x_wconf 86' lang='lat' dir='ltr'>inhibete,</span> <span class='ocrx_word' id='word_1_155' title='bbox 923 1796 1031 1861; x_wconf 81' lang='lat' dir='ltr'>Iatini;</span> 
     </span>
     <span class='ocr_line' id='line_1_23' title="bbox 276 1862 1030 1930; baseline 0.008 -18"><span class='ocrx_word' id='word_1_156' title='bbox 276 1862 453 1929; x_wconf 77' lang='lat' dir='ltr'>Quacumque</span> <span class='ocrx_word' id='word_1_157' title='bbox 465 1868 505 1914; x_wconf 90' lang='lat' dir='ltr'>est</span> <span class='ocrx_word' id='word_1_158' title='bbox 516 1863 630 1930; x_wconf 84' lang='lat' dir='ltr'>fortuna,</span> <span class='ocrx_word' id='word_1_159' title='bbox 643 1881 702 1914; x_wconf 90' lang='lat' dir='ltr'>mea</span> <span class='ocrx_word' id='word_1_160' title='bbox 714 1868 754 1914; x_wconf 90' lang='lat' dir='ltr'>est</span> <span class='ocrx_word' id='word_1_161' title='bbox 765 1882 772 1925; x_wconf 91' lang='lat'>;</span> <span class='ocrx_word' id='word_1_162' title='bbox 791 1881 833 1916; x_wconf 89' lang='lat' dir='ltr'>me</span> <span class='ocrx_word' id='word_1_163' title='bbox 845 1866 931 1917; x_wconf 91' lang='lat' dir='ltr'>verius</span> <span class='ocrx_word' id='word_1_164' title='bbox 944 1883 1030 1918; x_wconf 90' lang='lat' dir='ltr'>unum</span> 
     </span>
     <span class='ocr_line' id='line_1_24' title="bbox 274 1930 894 1994; baseline 0.006 -13"><span class='ocrx_word' id='word_1_165' title='bbox 274 1930 325 1982; x_wconf 90' lang='lat' dir='ltr'>Pro</span> <span class='ocrx_word' id='word_1_166' title='bbox 338 1931 410 1982; x_wconf 88' lang='lat' dir='ltr'>vobis</span> <span class='ocrx_word' id='word_1_167' title='bbox 423 1931 508 1984; x_wconf 86' lang='lat' dir='ltr'>foedus</span> <span class='ocrx_word' id='word_1_168' title='bbox 521 1932 600 1994; x_wconf 86' lang='lat' dir='ltr'>luere,</span> <span class='ocrx_word' id='word_1_169' title='bbox 613 1940 639 1984; x_wconf 88' lang='lat' dir='ltr'>et</span> <span class='ocrx_word' id='word_1_170' title='bbox 652 1933 791 1984; x_wconf 86' lang='lat' dir='ltr'>decernere</span> <span class='ocrx_word' id='word_1_171' title='bbox 803 1933 894 1985; x_wconf 86' lang='lat' dir='ltr'>ferro.”</span> 
     </span>
     <span class='ocr_line' id='line_1_25' title="bbox 274 1993 916 2067; baseline 0.009 -21"><span class='ocrx_word' id='word_1_172' title='bbox 274 1993 420 2046; x_wconf 85' lang='lat' dir='ltr'>Discessere</span> <span class='ocrx_word' id='word_1_173' title='bbox 432 2013 521 2048; x_wconf 90' lang='lat' dir='ltr'>omnes</span> <span class='ocrx_word' id='word_1_174' title='bbox 533 1997 621 2063; x_wconf 89' lang='lat' dir='ltr'>medii,</span> <span class='ocrx_word' id='word_1_175' title='bbox 635 1999 803 2067; x_wconf 85' lang='lat' dir='ltr'>spatiumque</span> <span class='ocrx_word' id='word_1_176' title='bbox 815 2000 916 2054; x_wconf 87' lang='lat' dir='ltr'>dedere.</span> 
     </span>
    </p>

    <p class='ocr_par' dir='ltr' id='par_1_3' title="bbox 272 2063 1124 2619">
     <span class='ocr_line' id='line_1_26' title="bbox 310 2063 876 2135; baseline 0.014 -22"><span class='ocrx_word' id='word_1_177' title='bbox 310 2063 346 2114; x_wconf 91' lang='lat' dir='ltr'>At</span> <span class='ocrx_word' id='word_1_178' title='bbox 359 2070 434 2131; x_wconf 88' lang='lat' dir='ltr'>pater</span> <span class='ocrx_word' id='word_1_179' title='bbox 447 2066 549 2132; x_wconf 86' lang='lat' dir='ltr'>AEneas‚</span> <span class='ocrx_word' id='word_1_180' title='bbox 562 2067 653 2118; x_wconf 83' lang='lat' dir='ltr'>audito</span> <span class='ocrx_word' id='word_1_181' title='bbox 666 2068 772 2119; x_wconf 89' lang='lat' dir='ltr'>nomine</span> <span class='ocrx_word' id='word_1_182' title='bbox 785 2069 876 2135; x_wconf 79' lang='lat' dir='ltr'>Turni,</span> 
     </span>
     <span class='ocr_line' id='line_1_27' title="bbox 277 2130 899 2202; baseline 0.014 -20"><span class='ocrx_word' id='word_1_183' title='bbox 277 2130 378 2184; x_wconf 90' lang='lat' dir='ltr'>Deserit</span> <span class='ocrx_word' id='word_1_184' title='bbox 390 2138 417 2184; x_wconf 95' lang='grc'><strong>61</strong></span> <span class='ocrx_word' id='word_1_185' title='bbox 429 2151 524 2200; x_wconf 89' lang='lat' dir='ltr'>muros,</span> <span class='ocrx_word' id='word_1_186' title='bbox 538 2141 564 2186; x_wconf 88' lang='lat' dir='ltr'>et</span> <span class='ocrx_word' id='word_1_187' title='bbox 576 2153 691 2187; x_wconf 87' lang='lat' dir='ltr'>summas</span> <span class='ocrx_word' id='word_1_188' title='bbox 704 2137 800 2190; x_wconf 88' lang='lat' dir='ltr'>deserit</span> <span class='ocrx_word' id='word_1_189' title='bbox 812 2155 884 2190; x_wconf 86' lang='lat' dir='ltr'>arces</span> <span class='ocrx_word' id='word_1_190' title='bbox 891 2157 899 2202; x_wconf 86' lang='lat'>;</span> 
     </span>
     <span class='ocr_line' id='line_1_28' title="bbox 274 2198 1015 2277; baseline 0.015 -27"><span class='ocrx_word' id='word_1_191' title='bbox 274 2198 481 2270; x_wconf 88' lang='lat' dir='ltr'>Praecipitatque</span> <span class='ocrx_word' id='word_1_192' title='bbox 494 2221 578 2255; x_wconf 91' lang='lat' dir='ltr'>moras</span> <span class='ocrx_word' id='word_1_193' title='bbox 591 2221 680 2256; x_wconf 92' lang='lat' dir='ltr'>omnes</span> <span class='ocrx_word' id='word_1_194' title='bbox 691 2225 697 2268; x_wconf 88' lang='lat'>;</span> <span class='ocrx_word' id='word_1_195' title='bbox 716 2223 795 2274; x_wconf 89' lang='lat' dir='ltr'>opera</span> <span class='ocrx_word' id='word_1_196' title='bbox 806 2208 895 2259; x_wconf 89' lang='lat' dir='ltr'>omnia</span> <span class='ocrx_word' id='word_1_197' title='bbox 905 2207 1015 2277; x_wconf 89' lang='lat' dir='ltr'>rumpit,</span> 
     </span>
     <span class='ocr_line' id='line_1_29' title="bbox 273 2268 1124 2342; baseline 0.014 -23"><span class='ocrx_word' id='word_1_198' title='bbox 273 2268 381 2321; x_wconf 84' lang='lat' dir='ltr'>Laetitia</span> <span class='ocrx_word' id='word_1_199' title='bbox 393 2271 537 2338; x_wconf 87' lang='lat' dir='ltr'>exsultans,</span> <span class='ocrx_word' id='word_1_200' title='bbox 550 2272 761 2342; x_wconf 89' lang='lat' dir='ltr'>horrendumque</span> <span class='ocrx_word' id='word_1_201' title='bbox 773 2277 878 2329; x_wconf 90' lang='lat' dir='ltr'>intonat</span> <span class='ocrx_word' id='word_1_202' title='bbox 890 2277 985 2330; x_wconf 88' lang='lat' dir='ltr'>armis:</span> <span class='ocrx_word' id='word_1_203' title='bbox 1071 2281 1124 2333; x_wconf 90' lang='grc'>700</span> 
     </span>
     <span class='ocr_line' id='line_1_30' title="bbox 275 2338 1037 2414; baseline 0.016 -26"><span class='ocrx_word' id='word_1_204' title='bbox 275 2338 396 2400; x_wconf 82' lang='lat' dir='ltr'>Quantus</span> <span class='ocrx_word' id='word_1_205' title='bbox 408 2340 499 2406; x_wconf 88' lang='lat' dir='ltr'>Athos,</span> <span class='ocrx_word' id='word_1_206' title='bbox 512 2348 559 2392; x_wconf 88' lang='lat' dir='ltr'>aut</span> <span class='ocrx_word' id='word_1_207' title='bbox 572 2348 688 2409; x_wconf 89' lang='lat' dir='ltr'>quantus</span> <span class='ocrx_word' id='word_1_208' title='bbox 701 2345 781 2412; x_wconf 82' lang='lat' dir='ltr'>Eryx,</span> <span class='ocrx_word' id='word_1_209' title='bbox 793 2352 842 2397; x_wconf 86' lang='lat' dir='ltr'>aut</span> <span class='ocrx_word' id='word_1_210' title='bbox 854 2347 910 2414; x_wconf 89' lang='lat' dir='ltr'>ipse</span> <span class='ocrx_word' id='word_1_211' title='bbox 921 2347 1037 2400; x_wconf 91' lang='lat' dir='ltr'>coruscis</span> 
     </span>
     <span class='ocr_line' id='line_1_31' title="bbox 275 2406 978 2483; baseline 0.016 -26"><span class='ocrx_word' id='word_1_212' title='bbox 275 2406 363 2468; x_wconf 87' lang='lat' dir='ltr'>Quum</span> <span class='ocrx_word' id='word_1_213' title='bbox 375 2408 465 2460; x_wconf 82' lang='lat' dir='ltr'>fremit</span> <span class='ocrx_word' id='word_1_214' title='bbox 477 2409 582 2462; x_wconf 88' lang='lat' dir='ltr'>ilicibus</span> <span class='ocrx_word' id='word_1_215' title='bbox 594 2418 718 2479; x_wconf 90' lang='lat' dir='ltr'>quantus,</span> <span class='ocrx_word' id='word_1_216' title='bbox 731 2415 882 2483; x_wconf 83' lang='lat' dir='ltr'>gaudetque</span> <span class='ocrx_word' id='word_1_217' title='bbox 894 2415 978 2468; x_wconf 90' lang='lat' dir='ltr'>nivali</span> 
     </span>
     <span class='ocr_line' id='line_1_32' title="bbox 273 2474 979 2550; baseline 0.017 -24"><span class='ocrx_word' id='word_1_218' title='bbox 273 2474 386 2542; x_wconf 90' lang='lat' dir='ltr'>Vertice,</span> <span class='ocrx_word' id='word_1_219' title='bbox 399 2494 426 2528; x_wconf 89' lang='lat' dir='ltr'>se</span> <span class='ocrx_word' id='word_1_220' title='bbox 438 2479 562 2530; x_wconf 88' lang='lat' dir='ltr'>attollens</span> <span class='ocrx_word' id='word_1_221' title='bbox 574 2487 649 2547; x_wconf 89' lang='lat' dir='ltr'>pater</span> <span class='ocrx_word' id='word_1_222' title='bbox 662 2481 836 2550; x_wconf 86' lang='lat' dir='ltr'>Appenninus</span> <span class='ocrx_word' id='word_1_223' title='bbox 849 2485 883 2536; x_wconf 87' lang='lat' dir='ltr'>ad</span> <span class='ocrx_word' id='word_1_224' title='bbox 895 2502 979 2538; x_wconf 80' lang='lat' dir='ltr'>auras</span> 
     </span>
     <span class='ocr_line' id='line_1_33' title="bbox 272 2543 982 2619; baseline 0.017 -25"><span class='ocrx_word' id='word_1_225' title='bbox 272 2543 292 2594; x_wconf 89' lang='lat' dir='ltr'><strong>J</strong></span> <span class='ocrx_word' id='word_1_226' title='bbox 293 2562 335 2595; x_wconf 89' lang='lat' dir='ltr'>am</span> <span class='ocrx_word' id='word_1_227' title='bbox 349 2563 409 2597; x_wconf 92' lang='lat' dir='ltr'>vero</span> <span class='ocrx_word' id='word_1_228' title='bbox 422 2552 449 2597; x_wconf 90' lang='lat' dir='ltr'>et</span> <span class='ocrx_word' id='word_1_229' title='bbox 463 2547 558 2599; x_wconf 86' lang='lat' dir='ltr'>Rutuli</span> <span class='ocrx_word' id='word_1_230' title='bbox 571 2550 700 2617; x_wconf 86' lang='lat' dir='ltr'>certatim,</span> <span class='ocrx_word' id='word_1_231' title='bbox 714 2558 740 2602; x_wconf 89' lang='grc'><strong>61</strong></span> <span class='ocrx_word' id='word_1_232' title='bbox 753 2552 839 2619; x_wconf 73' lang='lat' dir='ltr'>Troes,</span> <span class='ocrx_word' id='word_1_233' title='bbox 853 2558 879 2604; x_wconf 89' lang='grc'><strong>61</strong></span> <span class='ocrx_word' id='word_1_234' title='bbox 892 2571 982 2606; x_wconf 87' lang='lat' dir='ltr'>omnes</span> 
     </span>
    </p>
   </div>
   <div class='ocr_carea' id='block_1_3' title="bbox 262 2612 935 2757">
    <p class='ocr_par' dir='ltr' id='par_1_4' title="bbox 262 2612 935 2757">
     <span class='ocr_line' id='line_1_34' title="bbox 273 2612 928 2687; baseline 0.018 -25"><span class='ocrx_word' id='word_1_235' title='bbox 273 2612 428 2665; x_wconf 79' lang='lat' dir='ltr'>Convertere</span> <span class='ocrx_word' id='word_1_236' title='bbox 440 2617 527 2666; x_wconf 89' lang='lat' dir='ltr'>oculos</span> <span class='ocrx_word' id='word_1_237' title='bbox 541 2617 612 2683; x_wconf 85' lang='lat' dir='ltr'>Itali,</span> <span class='ocrx_word' id='word_1_238' title='bbox 624 2620 722 2687; x_wconf 91' lang='lat' dir='ltr'>quique</span> <span class='ocrx_word' id='word_1_239' title='bbox 735 2621 790 2672; x_wconf 90' lang='lat' dir='ltr'>alta</span> <span class='ocrx_word' id='word_1_240' title='bbox 802 2622 928 2674; x_wconf 87' lang='lat' dir='ltr'>tenebant</span> 
     </span>
     <span class='ocr_line' id='line_1_35' title="bbox 262 2680 935 2757; baseline 0.006 -21"><span class='ocrx_word' id='word_1_241' title='bbox 262 2680 373 2755; x_wconf 73' lang='lat' dir='ltr'>Jlloenia,</span> <span class='ocrx_word' id='word_1_242' title='bbox 388 2684 489 2757; x_wconf 87' lang='lat' dir='ltr'>quique</span> <span class='ocrx_word' id='word_1_243' title='bbox 501 2685 567 2739; x_wconf 90' lang='lat' dir='ltr'>imos</span> <span class='ocrx_word' id='word_1_244' title='bbox 580 2687 722 2757; x_wconf 84' lang='lat' dir='ltr'>pulsabant</span> <span class='ocrx_word' id='word_1_245' title='bbox 735 2691 817 2742; x_wconf 88' lang='lat' dir='ltr'>ariete</span> <span class='ocrx_word' id='word_1_246' title='bbox 829 2709 917 2742; x_wconf 84' lang='lat' dir='ltr'>muros</span> <span class='ocrx_word' id='word_1_247' title='bbox 928 2710 935 2754; x_wconf 90' lang='lat'>;</span> 
     </span>
    </p>
   </div>
   <div class='ocr_carea' id='block_1_4' title="bbox 236 2755 1025 2912">
    <p class='ocr_par' dir='ltr' id='par_1_5' title="bbox 236 2755 1025 2912">
     <span class='ocr_line' id='line_1_36' title="bbox 250 2755 1025 2835; baseline 0.001 -25"><span class='ocrx_word' id='word_1_248' title='bbox 250 2755 394 2832; x_wconf 86' lang='lat' dir='ltr'>Armaque</span> <span class='ocrx_word' id='word_1_249' title='bbox 408 2759 559 2835; x_wconf 90' lang='lat' dir='ltr'>deposuere</span> <span class='ocrx_word' id='word_1_250' title='bbox 572 2759 704 2817; x_wconf 84' lang='lat' dir='ltr'>humeris.</span> <span class='ocrx_word' id='word_1_251' title='bbox 729 2759 895 2830; x_wconf 65' lang='lat' dir='ltr'>Stupetipse</span> <span class='ocrx_word' id='word_1_252' title='bbox 903 2761 1025 2829; x_wconf 65' lang='lat' dir='ltr'>latinus,</span> 
     </span>
     <span class='ocr_line' id='line_1_37' title="bbox 236 2826 888 2912; baseline -0.034 -8"><span class='ocrx_word' id='word_1_253' title='bbox 236 2826 386 2910; x_wconf 63' lang='lat' dir='ltr'>Ingentes,</span> <span class='ocrx_word' id='word_1_254' title='bbox 400 2837 520 2912; x_wconf 84' lang='lat' dir='ltr'>genitos</span> <span class='ocrx_word' id='word_1_255' title='bbox 534 2837 652 2897; x_wconf 85' lang='lat' dir='ltr'>diversis</span> <span class='ocrx_word' id='word_1_256' title='bbox 665 2834 796 2911; x_wconf 84' lang='lat' dir='ltr'>partibus</span> <span class='ocrx_word' id='word_1_257' title='bbox 806 2830 888 2895; x_wconf 66' lang='lat' dir='ltr'>orbis,</span> 
     </span>
    </p>
   </div>
   <div class='ocr_carea' id='block_1_5' title="bbox 0 0 1354 3242">
    <p class='ocr_par' dir='ltr' id='par_1_6' title="bbox 0 0 1354 3242">
     <span class='ocr_line' id='line_1_38' title="bbox 0 0 1354 3242; baseline 0 0"><span class='ocrx_word' id='word_1_258' title='bbox 0 0 1354 3242; x_wconf 95' lang='lat' dir='ltr'> </span> 
     </span>
    </p>
   </div>
  </div>
 </body>
</html>
