2700 3242
516 330 699 384 BUCOLICA.
730 331 801 384 ECL.
821 331 867 384 Vl.
1088 339 1118 389 13

262 424 417 478 Reddemus
429 427 568 495 Nymphis,
580 430 607 478 et
616 443 702 546 quum
715 425 884 478 lustrabimus
897 443 979 494 agros.

260 494 339 548 Dum
348 498 415 563 juga
424 496 522 548 montis
535 512 603 563 aper,
635 497 709 548 uvios
722 495 786 547 dum
798 495 876 564 piscis
888 497 995 559 amabit,

260 564 390 633 Dumque
402 565 494 633 thymo
506 572 648 633 pascentur
659 581 730 633 apes,
743 565 807 616 dum
818 582 875 617 rore
888 565 992 630 cicadae,

261 633 375 703 Semper
387 635 467 687 honos
479 651 626 702 nomenque
638 641 716 686 tuum
727 634 870 702 laudesque
882 634 1033 686 manebunt.

262 703 302 756 Ut
316 703 421 756 Baccho
433 703 578 770 Cererique,
591 703 641 754 tibi
653 704 690 755 sic
702 710 764 755 vota
776 704 916 772 quotannis

261 772 397 839 Agricolae
408 773 525 836 facient3
544 772 680 824 damnabis
693 779 723 824 tu
736 789 838 841 quoque
851 773 926 826 votis.
1083 774 1116 821 80

289 841 363 894 ΜοΡ.
382 842 516 908 Qua-tibi,
529 857 589 909 quae
601 842 650 894 tali
661 842 770 894 reddam
782 859 829 910 pro
841 843 956 894 carmine
968 842 1056 895 douai

261 911 337 962 Nam
349 929 433 979 neque
444 929 486 963 me
498 917 605 964 tentum
617 911 747 964 venientis
760 911 850 964 sibilus
861 912 961 979 Austri,

262 979 322 1031 Nec
334 998 456 1049 percussa
464 983 562 1049 juvant
574 981 659 1032 fluctu
672 986 728 1032 tam
740 980 824 1047 litora,
837 998 885 1033 nec
898 997 956 1049 quae

263 1047 378 1102 Saxosas
390 1050 460 1102 inter
472 1050 615 1102 decurrunt
626 1050 738 1102 flumina
750 1050 838 1104 valles.

287 1118 364 1171 Mers.
384 1120 442 1172 Hac
455 1125 482 1171 te
494 1109 540 1171 nbs
552 1119 642 1186 fragili
654 1119 809 1172 donabimus
821 1124 884 1172 ante
896 1119 990 1174 cicuta

263 1187 333 1240 Haec
345 1206 400 1256 nos,
413 1189 565 1240 Formosum
578 1188 697 1255 Corydon
710 1188 819 1241 ardebat
831 1189 947 1241 Alexin:

263 1256 332 1309 Haec
345 1259 436 1310 eadem
448 1257 546 1324 docuit,
559 1258 654 1325 Cujum
666 1257 767 1326 pecual
785 1275 820 1310 an
832 1258 949 1310 Meliboei
960 1258 969 1310 l

288 1326 363 1379 Mor.
381 1325 418 1379 At
429 1332 461 1379 tu
474 1345 546 1378 sume
558 1328 663 1396 pedum,
676 1327 753 1395 quod,
766 1344 808 1378 me
821 1344 903 1395 quum
915 1344 983 1395 saepe
996 1334 1108 1394 rogaret,

263 1395 327 1447 Non
339 1395 403 1448 tulit
414 1396 566 1463 Antigenes,
579 1401 606 1448 et
619 1402 675 1448 erat
687 1402 746 1448 tum
759 1394 855 1462 dignus
868 1397 957 1464 amari,

264 1464 419 1518 Formosum
430 1466 538 1534 paribus
549 1465 624 1518 nodis
637 1471 717 1535 atque
730 1482 788 1533 aere,
800 1464 929 1520 Menalca
1081 1471 1115 1518 90

491 1611 629 1665 ECLOGA
648 1611 697 1666 VI.
733 1612 889 1669 SILENUS.

265 1735 364 1788 Pansa
377 1734 511 1803 Syracosio
523 1736 633 1804 dignata
645 1742 685 1790 est
696 1737 787 1790 ludere
799 1755 876 1790 versu

264 1805 370 1872 Nostra,
382 1821 468 1872 neque
479 1806 586 1858 eruhuit
598 1807 676 1859 silvas
689 1807 816 1874 habitare,
830 1807 930 1860 Thalia

265 1873 356 1938 Quum
368 1890 485 1927 canerem
498 1891 572 1942 reges
584 1881 611 1927 et
623 1876 722 1945 proelia,
735 1877 865 1942 Cynthius
878 1895 968 1929 aurem

264 1943 358 2011 Vellit,
370 1949 398 1996 ot
409 1942 562 1997 admonuit:
579 1945 594 1971 “
604 1943 746 2004 Pastorem,
759 1944 855 2010 Tityre,
867 1945 979 2011 pingues

263 2011 376 2064 Pascere
388 2018 490 2081 oportet
501 2029 567 2079 oves,
581 2012 725 2064 deductum
738 2013 823 2065 dicore
836 2010 964 2066 cannen.”

218 2124 221 2133 .
263 2081 345 2134 Nunc
358 2098 405 2149 ego
418 2081 543 2150 (namque
555 2099 633 2150 super
645 2081 695 2134 tibi
708 2087 793 2149 erunt,
806 2083 852 2149 qui
865 2083 950 2135 dicere
962 2082 1060 2148 laudes,

264 2150 343 2216 Varo,
355 2156 415 2202 tuas
427 2151 542 2220 cupiant,
556 2157 583 2203 ct
595 2151 682 2203 tristia
694 2152 803 2204 condere
816 2150 906 2218 bella‚)

263 2219 404 2287 Agrestem
416 2221 491 2272 tenui
502 2219 648 2272 meditabor
660 2221 789 2273 arundine
801 2220 913 2273 Musam.

262 2288 290 2342 N
291 2306 326 2340 on
338 2288 438 2358 injussa
450 2307 521 2342 cano.
557 2289 585 2343 Si
598 2290 656 2358 quis
668 2295 757 2342 tamen
770 2290 827 2342 hac
839 2306 949 2357 quoque,
962 2289 984 2341 si
997 2290 1054 2358 quis

264 2358 366 2426 Captus
377 2375 464 2411 amore
476 2358 552 2427 leget,
566 2365 592 2411 tc
604 2365 707 2422 nostra,
721 2360 797 2425 Varo,
809 2359 923 2426 myricae,
1081 2360 1115 2409 10

262 2427 302 2480 Te
314 2444 407 2480 nemus
419 2445 495 2480 omne
507 2434 600 2494 canet;
619 2446 667 2480 neo
680 2428 778 2479 Phoebo
790 2428 889 2494 gratior
901 2427 957 2479 ulla
969 2434 1015 2493 est,

263 2497 352 2562 Quam
364 2497 414 2548 sibi
426 2515 484 2565 quae
497 2498 560 2550 Vari
572 2498 732 2566 praescripsit
744 2498 842 2565 pagina
853 2513 955 2550 nomen.

299 2566 413 2634 Pergite,
425 2566 547 2619 Pierides.
584 2567 701 2619 Chromis
713 2573 740 2618 et
753 2566 890 2634 Mnasylus
902 2567 930 2618 in
942 2583 1018 2618 antro

263 2635 385 2690 Silenum
397 2637 471 2704 pueri
484 2654 573 2688 somno
585 2637 673 2688 videre
682 2639 823 2703 jacentem,

263 2705 392 2758 Inflatum
405 2706 525 2757 hesterno
538 2723 623 2772 venas,
637 2710 668 2758 ut
680 2722 790 2778 semper,
803 2703 919 2762 laccho:

257 2774 334 2824 saa
340 2774 437 2847 procul
447 2780 551 2851 tantum
566 2777 650 2847 capiti
664 2779 776 2854 delapsa
786 2781 930 2856 jacebant,

243 2837 381 2898 Etgrarrs
390 2846 485 2893 attrita
495 2847 639 2912 pendebat
655 2857 816 2917 cantharus
828 2877 911 2918 ansa.
1111 2874 1122 2913 a

405 2938 413 2963 Ι
