2700 3242
512 311 678 366 AEunmos
695 312 762 367 LIB.
781 313 827 368 IX.
1038 317 1089 366 285

245 408 403 478 Opportuna
413 408 469 462 loco
479 428 487 474 ;
504 410 613 462 summis
624 427 705 479 quam
716 409 815 463 viribus
827 427 915 463 omnes

243 478 407 547 Expugnare
420 478 490 545 Itali,
503 497 657 547 summaque
669 486 785 532 evertere
796 497 876 560 opum
889 480 916 532 vi

245 547 403 600 Certabant:
422 548 501 601 'l'ro‘e's
514 554 605 601 contra
616 549 755 617 defendere
767 566 846 615 saxis,

244 615 348 685 Perque
360 633 436 669 cavas
448 618 523 670 densi
535 617 588 670 tela
599 618 750 686 intorquere
761 619 897 671 fenestras.

245 684 372 755 Princeps
383 686 519 739 ardentem
531 687 644 753 conjecit
656 687 779 755 lampada
791 687 902 751 Turnus,

244 754 282 807 Et
292 755 426 807 flammam
438 756 524 808 affixit
535 756 612 808 lateri
624 774 631 819 ;
649 773 708 824 quse
721 755 835 824 plurima
846 763 924 809 vento

244 824 378 892 Corripuit
389 823 501 892 tabulas,
514 831 541 877 et
552 825 670 892 postibus
683 825 759 877 haesit
771 825 862 878 adesis.

243 892 356 945 Turbati
367 893 498 962 trepidare
510 894 590 960 intus,
602 895 751 961 frustraque
762 893 892 946 malorum

244 961 320 1014 Velle
332 963 431 1030 fugam.
466 964 538 1016 Dum
551 980 578 1015 se
589 963 745 1030 glomerant,
757 970 878 1031 retroque
889 963 1009 1016 residunt

245 1031 279 1083 In
290 1037 394 1100 partem
405 1048 464 1099 quse
476 1039 549 1101 peste
561 1038 639 1099 caret,
653 1039 712 1085 tum
723 1033 838 1100 pondere
849 1033 930 1084 turris
1035 1036 1087 1086 540

244 1099 391 1153 Procubuit
403 1101 497 1168 subito,
510 1108 538 1155 et
550 1102 645 1154 coelum
657 1107 734 1154 tonat
746 1118 822 1153 omne
833 1102 944 1169 fragore.

243 1170 391 1224 Semineces
403 1170 437 1222 ad
449 1176 552 1238 terram,
565 1171 674 1223 immani
686 1171 754 1223 mole
766 1178 863 1238 secuta,

244 1239 399 1307 Oonfixique
411 1240 464 1292 suis
475 1240 535 1291 telis
547 1247 574 1292 et
586 1247 693 1308 pectora
704 1240 770 1292 duro

243 1307 389 1361 Transfossi
401 1308 474 1376 ligno
486 1310 604 1362 veniunt.
640 1310 694 1362 Vix
706 1326 776 1361 unus
788 1309 911 1374 Helenor,

242 1377 280 1429 Et
292 1377 379 1445 Lycus
390 1377 473 1446 elapsi
483 1397 490 1441 ;
508 1396 619 1446 quorum
630 1380 772 1448 primaevus
785 1379 906 1443 Helenor,

242 1445 357 1499 Maeonio
368 1447 425 1514 regi
437 1464 515 1515 quem
527 1465 602 1500 serva
613 1447 751 1516 Licymnia
762 1447 856 1500 furtim

243 1514 400 1582 Sustulerat,
412 1517 553 1583 vetitisque
565 1517 599 1568 od
611 1517 715 1586 Trojam
726 1517 834 1569 miserat
845 1517 932 1583 armis,

242 1584 314 1637 Ense
325 1585 390 1638 levis
402 1586 481 1652 nudo,
493 1602 636 1653 parmaque
648 1586 775 1653 inglorius
787 1585 854 1638 alba.

244 1654 323 1723 Isque
334 1654 381 1707 ubi
393 1671 420 1706 se
432 1654 514 1706 Turni
526 1655 613 1707 media
625 1655 695 1708 inter
706 1654 792 1707 millia
802 1655 878 1719 vidit,

243 1723 317 1776 Hinc
328 1723 404 1790 acies,
416 1729 497 1792 atque
508 1723 571 1776 hiuc
583 1724 651 1776 acies
663 1725 768 1777 adstare
780 1724 887 1776 Latinas
898 1743 905 1788 ;
1035 1729 1086 1778 550

243 1793 282 1846 Ut
293 1794 356 1860 fera,
369 1809 426 1859 quae
440 1793 521 1845 densa
532 1800 676 1846 venantum
690 1799 764 1861 septa
776 1810 870 1846 corone

243 1862 341 1915 Contra
352 1861 407 1914 tela
417 1863 491 1928 furit,
504 1879 609 1930 seseque
622 1863 694 1915 haud
706 1863 794 1915 nescia
805 1863 884 1915 morti

243 1931 344 2000 Injicit,
357 1937 384 1983 et
396 1931 466 1984 sultu
479 1949 557 2000 supra
569 1931 701 1984 venabula
712 1933 814 1984 fertur:

242 2000 325 2053 Haud
337 2000 416 2053 aliter
423 2001 530 2069 juvenis
541 2001 639 2054 medios
650 2001 794 2052 moriturus
806 2001 834 2052 in
847 2001 933 2052 hostes

242 2070 347 2133 lrruit3
365 2075 399 2136 et,
412 2087 465 2138 qua
476 2070 530 2123 tela
542 2071 614 2123 ridet
626 2070 788 2136 densissima,
800 2071 893 2122 tendit.

241 2139 280 2192 At
291 2139 402 2207 pedibus
413 2139 491 2206 longe
501 2139 595 2192 melior
605 2138 691 2208 Lycus
703 2139 773 2191 inter
784 2145 812 2191 et
824 2139 917 2203 hostes,

242 2207 318 2260 Inter
329 2214 356 2260 et
368 2226 448 2276 arma,
460 2209 525 2276 fuga
536 2226 624 2261 muros
637 2214 717 2275 tenet,
730 2208 837 2276 altaque
849 2214 932 2260 certat

241 2276 373 2330 Prendere
385 2283 456 2330 tecta
467 2295 557 2344 manu,
570 2277 721 2346 sociumque
733 2278 864 2345 attingere
876 2278 989 2330 dextras.

243 2347 328 2411 Quem
340 2346 450 2412 Turnus,
463 2347 562 2416 pariter
573 2364 651 2399 cursu
663 2347 769 2414 teloque
782 2353 894 2412 secutus,

241 2417 366 2484 Increpat
378 2413 419 2465 his
431 2415 531 2465 victor:
551 2417 565 2440 ‘⁶
574 2413 719 2464 Nostresne
732 2413 849 2477 evadere,
862 2412 976 2476 demens,
1037 2416 1089 2465 560

242 2483 358 2553 sperasti
370 2490 396 2535 te
407 2498 481 2550 posse
493 2498 587 2534 manus
598 2480 624 2534 l”
643 2480 723 2532 simul
735 2481 828 2548 arripit
839 2481 928 2548 ipsum

240 2552 411 2619 Pendentem,
424 2558 451 2604 et
462 2569 560 2620 magna
570 2551 641 2604 muri
653 2569 714 2604 cum
726 2556 801 2620 parte
812 2551 932 2606 revellit:

241 2622 333 2686 Qrmlis
345 2622 391 2674 ubi
404 2628 452 2674 aut
463 2622 585 2690 leporem,
597 2626 645 2674 aut
657 2620 782 2673 candenti
794 2637 899 2688 corpore
910 2637 1030 2688 cycnum,

241 2691 357 2746 Sustulit
369 2691 424 2743 alta
436 2697 527 2760 petens
539 2690 650 2759 pedibus
662 2691 682 2742 J
684 2690 738 2742 ovis
751 2691 864 2756 armiger
875 2690 950 2742 uncis
962 2708 972 2753 ·,

241 2761 387 2826 Quaesitum
399 2766 448 2812 aut
457 2761 537 2812 matri
548 2760 641 2814 multis
654 2757 791 2815 balatibus
803 2777 911 2829 agnum

230 2829 347 2878 Martrbs
355 2844 373 2878 a
383 2828 497 2880 stabulis
508 2833 604 2895 rapuit
616 2833 709 2905 lupus.
748 2833 886 2903 Undique
899 2830 1006 2885 elumen
