2700 3242
274 286 324 335 let
507 283 537 338 P.
553 283 705 337 VIRGILII
723 284 886 338 MARONIS

273 384 390 452 Balteus,
402 392 430 438 et
443 387 520 439 tereti
532 386 665 439 subnectit
677 386 760 439 fibula
771 405 892 455 gemma;

274 453 377 507 Tertius
390 454 514 524 Argolica
526 456 576 509 hac
588 457 664 524 galea
677 464 818 509 contentus
830 452 925 511 abito.”

274 523 340 578 Haec
353 525 399 577 ubi
411 526 491 594 dicta,
503 527 591 578 locum
604 526 721 594 capiunt,
734 527 860 594 signoque
871 532 980 595 repente

275 594 426 663 Corripiunt
439 597 525 664 spatia
536 596 636 662 audito,
648 596 782 662 limenque
794 596 956 663 relinquunt,

275 661 359 716 Effusi
371 664 459 718 nimbo
472 666 568 717 similes
579 684 586 729 ;
604 665 683 716 simul
696 665 792 716 ultima
804 666 918 732 signant.

274 731 378 786 Primus
391 735 454 802 abit,
466 736 595 803 longeque
608 741 670 786 ante
683 735 771 786 omnia
783 751 890 802 corpora
899 735 979 788 Nisus

273 801 385 870 Emicat,
399 812 425 857 et
437 805 523 856 ventis
536 811 563 856 et
575 804 695 856 fulminis
708 805 777 855 ocior
789 805 846 857 alis.
878 857 880 860 .

272 869 412 926 Proximus
425 874 495 940 huic,
508 873 587 941 louge
600 873 644 925 sed
656 873 792 941 proximus
805 873 952 941 interuallo,
1066 879 1119 929 320

272 940 428 1010 Insequitur
437 943 544 1008 ¹Salius;
562 943 647 1011 spatio
660 948 720 1010 post
732 943 826 994 deinde
838 943 929 995 relicto

271 1009 376 1064 'l'ertius
388 1012 536 1080 Euryalus:

270 1077 469 1150 Euryalumque
483 1082 612 1149 Helymus
625 1082 762 1150 sequitur3
781 1098 833 1148 quo
846 1081 940 1134 deinde
953 1082 1001 1134 sub
1013 1083 1070 1152 ipso

223 1155 225 1160 '
271 1148 341 1202 Ecce
352 1151 432 1218 volat,
445 1151 596 1218 calcemque
608 1151 671 1202 terit
680 1153 738 1218 jam
750 1151 821 1202 ealce
833 1151 931 1217 Diores,

272 1217 431 1272 Incumbens
444 1220 571 1284 humero;
589 1221 675 1288 spatia
687 1226 714 1272 et
727 1220 748 1271 si
760 1220 839 1287 plura
851 1221 989 1288 supersint,

271 1286 398 1342 Transeat
411 1290 515 1358 elapsus
528 1290 605 1358 prior,
618 1289 805 1356 ambiguumve
816 1290 956 1356 relinquat.

270 1356 386 1427 Jamque
399 1360 454 1411 fere
466 1359 551 1428 spatio
563 1366 689 1425 extremo,
701 1359 822 1426 fessique,
835 1358 883 1410 sub
895 1359 980 1426 ipsam

270 1425 364 1480 Finem
376 1429 572 1481 adventabant:
591 1428 644 1480 levi
657 1445 718 1480 cum
730 1428 859 1493 sangiune
870 1428 951 1480 Nisus

270 1494 382 1549 Labitur
395 1498 498 1565 infelix,
511 1498 584 1550 casis
596 1505 628 1549 ut
639 1498 708 1549 forte
716 1498 838 1564 juvencis

270 1563 356 1619 Fusus
369 1568 481 1618 humum
493 1567 640 1635 viridesque
653 1583 731 1634 super
742 1566 916 1619 madefecerat
927 1566 1028 1621 herbas.
1064 1571 1117 1621 330

269 1633 324 1686 Hic
332 1637 439 1704 juvenis
448 1638 506 1704 jam
518 1637 602 1689 victor
614 1653 694 1688 ovans
707 1636 819 1702 vestigia
830 1653 918 1703 presse

269 1702 352 1757 Haud
365 1706 452 1757 tenuit
464 1705 582 1757 titubata
594 1705 665 1768 solo;
684 1705 728 1756 sed
740 1722 838 1772 pronus
850 1705 879 1756 in
891 1706 947 1774 ipso

270 1772 390 1825 Concidit
403 1774 591 1842 immundoque
604 1774 665 1826 limo
679 1791 803 1842 sacroque
815 1791 913 1828 cruore.

268 1841 295 1894 N
296 1861 330 1895 on
342 1850 432 1895 tamen
444 1843 562 1911 Euryali,
575 1860 628 1894 non
640 1844 685 1895 ille
697 1843 795 1895 oblitus
807 1861 941 1896 amorum:

268 1909 295 1963 N
295 1929 338 1964 am
351 1930 405 1964 sese
417 1913 540 1981 opposuit
552 1912 622 1966 Salio
635 1931 682 1981 per
694 1913 795 1964 lubrica
808 1930 916 1980 surgens
927 1932 934 1977 ;

268 1979 319 2034 Ille
331 1990 422 2034 autem
434 1983 516 2050 spissa
525 1982 612 2050 jacuit
624 1983 760 2033 revolutus
772 2000 859 2034 arena.

268 2049 374 2103 Emicat
387 2051 525 2119 Euryalus,
539 2057 565 2103 et
577 2069 686 2102 munere
698 2052 782 2103 victor
794 2050 872 2102 amici

267 2119 359 2172 Prima
371 2127 451 2186 tenet,
464 2121 611 2188 plausuque
623 2120 697 2172 volat
708 2121 868 2187 fremituque
881 2122 1001 2175 secundo.

268 2188 333 2241 Post
346 2190 476 2257 Helymus
489 2190 567 2256 subit,
580 2195 607 2242 et
619 2207 691 2240 nunc
703 2190 783 2241 tertia
795 2189 883 2257 palma
895 2190 993 2244 Diores.

267 2258 322 2309 Hic
334 2265 421 2311 totum
433 2276 518 2311 caveae
531 2276 681 2311 consessum
693 2259 817 2325 ingentis,
830 2268 857 2311 et
869 2277 914 2312 era
1061 2266 1115 2314 340

267 2326 358 2380 Prima
370 2335 484 2397 patrum,
497 2328 601 2396 magnis
613 2328 700 2380 Salius
713 2328 870 2380 clamoribus
882 2329 983 2397 implet,

266 2395 449 2465 Ereptumque
462 2398 521 2449 dolo
533 2398 609 2449 reddi
621 2397 671 2449 sibi
684 2398 767 2466 poscit
780 2398 911 2451 honorem.

265 2465 383 2518 Tutatur
395 2467 469 2519 favor
482 2467 637 2535 Euryalum,
650 2467 818 2535 lacrimaeque
830 2469 940 2535 decora,

268 2535 371 2586 Gratior
384 2542 411 2588 et
424 2535 533 2604 pulchro
546 2537 653 2588 veniens
665 2537 694 2588 in
707 2554 812 2605 corpore
824 2539 916 2591 virtus.

267 2605 394 2671 Adjuvat‚
408 2612 434 2656 et
446 2622 544 2672 magna
556 2606 702 2673 proclamat
714 2624 775 2658 voce
788 2607 887 2673 Diores,

266 2673 319 2734 Qui
331 2673 412 2726 subiit
423 2673 527 2742 palmes,
540 2675 691 2742 frustraque
703 2675 738 2727 ad
749 2677 858 2743 praemia
870 2677 945 2729 venit

253 2739 363 2808 (derina,
377 2743 406 2796 si
410 2742 499 2814 puni
509 2743 584 2800 Salio
596 2744 747 2801 redduntur
759 2745 876 2799 honores.

243 2809 307 2866 l'vm
313 2819 528 2894 paterAEneas,
544 2824 561 2854 “
571 2823 695 2894 Vestra,’'
711 2820 816 2894 inquit,
824 2819 839 2846 ‘⁸
847 2830 960 2870 uuum
966 2811 1043 2864 wli*
