2700 3242
270 298 323 349 264
503 293 534 348 Ρ.
551 293 702 348 VIRGILII
720 292 883 347 Melioris

271 394 323 448 Per
335 394 431 448 sudum
442 395 553 449 rutilare
564 395 663 462 rident,
676 400 704 448 et
716 395 793 465 pulso
805 399 903 448 tenure.

271 464 438 532 Obstupuere
450 465 545 517 animis
556 465 603 517 elii
613 483 620 528 ;
639 465 684 517 sed
697 464 790 517 Troius
801 464 877 516 heros
1066 467 1117 518 530

271 534 387 600 Agnovit
399 534 515 586 sonitum
527 539 554 586 et
566 534 634 587 divae
647 534 774 602 promissa
784 532 909 602 parentis.

273 600 340 652 'lum
352 607 481 654 memoret
493 619 499 653 :
519 601 583 652 “Ne
597 617 663 665 vero,
676 601 777 668 hospes,
790 617 824 652 ne
836 616 925 668 quaerc
937 600 1066 668 profecto,

273 667 356 730 Quem
368 685 458 720 cesum
470 672 592 735 portento
603 671 708 730 ferent;
726 685 774 736 ego
785 685 876 736 poscor
888 669 1009 738 Olympo.

272 736 331 789 Hoc
344 737 450 804 signum
462 736 557 788 cecinit
569 736 708 788 missuram
720 737 783 789 dive
794 737 916 805 erectrix,

272 805 300 857 Si
312 805 411 857 bellum
423 805 575 872 ingrueret;
593 804 775 874 Vulcaniaque
787 823 861 858 erma
871 823 919 874 per
930 823 1009 860 sures

271 873 398 927 Latursm
410 874 517 927 auxilio.

272 943 335 995 Heu
346 950 453 1012 quantes
464 942 565 995 miseris
577 943 660 996 caedes
672 942 849 996 Laurentibus
860 944 979 998 instent!

273 1012 343 1076 Quos
355 1029 445 1081 poenss
456 1011 530 1079 mihi,
543 1012 638 1079 Turne,
651 1013 741 1066 debis!
761 1029 841 1082 quom
851 1013 938 1066 mults
950 1013 1000 1067 sub
1011 1016 1098 1070 undu

273 1082 354 1135 Scuto
365 1081 452 1134 virum
464 1080 604 1150 galeasque
615 1088 643 1134 et
654 1082 734 1134 fortis
745 1098 852 1150 corpore
863 1082 959 1150 volves,

272 1150 372 1219 llhybri
383 1153 474 1220 peter!
494 1150 607 1203 Poscant
619 1151 695 1217 ecies,
708 1157 735 1203 et
746 1151 845 1204 foedero
856 1152 1004 1220 rumpent?
1065 1157 1117 1207 ⁶40

309 1220 373 1272 Herc
384 1220 432 1272 ubi
444 1219 517 1272 dicte
529 1219 609 1286 dedit,
622 1219 685 1272 solio
698 1236 725 1273 se
737 1219 809 1273 tollit
819 1219 854 1273 ab
864 1221 937 1285 elt05

273 1289 309 1342 Et
320 1290 435 1358 primum
448 1288 585 1341 Herculeis
597 1289 695 1357 sopitas
707 1289 812 1357 ignibus
823 1306 881 1342 mos

272 1358 389 1425 Excitet,
400 1358 602 1425 hesternumque
614 1358 709 1411 Larem
719 1375 864 1480 parvosque
875 1364 984 1427 penates

273 1428 362 1480 Lectus
374 1427 431 1480 edit
441 1446 448 1490 ;
465 1433 585 1479 mactent
596 1427 678 1479 lectas
690 1427 722 1479 de
734 1445 805 1480 more
834 1427 936 1481 identes

273 1497 412 1549 Evandrus
423 1496 528 1565 pariter,
540 1496 640 1564 pariter
650 1496 762 1564 Trojano
770 1498 905 1564 juventus.

273 1564 336 1618 Post
348 1565 411 1617 hinc
423 1566 457 1617 ed
469 1582 549 1617 neves
561 1565 688 1632 graditur,
701 1566 833 1633 sociosque
844 1566 951 1621 revisit:

274 1635 391 1696 Quorum
403 1634 435 1686 de
447 1651 563 1700 numero,
576 1634 622 1702 qui
634 1651 689 1686 sese
701 1634 730 1686 in
741 1634 812 1687 belle
823 1641 977 1702 sequentur,

273 1702 432 1755 Praestontes
444 1703 543 1755 virtute
555 1703 621 1770 legit
631 1722 638 1766 ;
656 1720 716 1770 pars
728 1709 816 1756 cetera
826 1721 909 1772 prona

273 1772 370 1824 Fertur
381 1789 457 1840 aquo,
470 1772 607 1840 segnisque
620 1773 734 1824 secundo
746 1772 839 1825 defluit
850 1773 931 1840 amni,

273 1841 378 1893 Nuncie
390 1848 502 1894 venture
515 1841 625 1893 Ascanio
637 1858 777 1909 rerumque
789 1843 930 1910 petrisque.
1065 1848 1117 1898 550

273 1911 379 1963 Dentur
391 1911 451 1978 equi
463 1911 568 1963 Teucris
580 1911 716 1978 Tyrrhena
727 1909 879 1978 petentibus
890 1928 954 1965 arvo
966 1931 974 1967 ε

273 1979 383 2032 Ducunt
395 1986 524 2032 exsortem
536 1979 634 2045 AEneae,
642 1996 721 2047 quem
733 1980 808 2032 fulvo
818 1979 901 2032 leonis

275 2048 354 2101 Pollis
367 2048 421 2101 obit
433 2054 528 2110 totum,
540 2049 700 2117 prefulgens
712 2048 846 2115 unguibus
857 2049 953 2101 eureis.

309 2119 391 2170 Fame
404 2117 475 2169 volet
487 2135 595 2185 perram
608 2117 695 2169 subito
707 2117 817 2184 vulgata
828 2134 875 2186 per
886 2117 987 2186 urbm,

275 2188 353 2238 Ocius
365 2187 403 2238 ire
415 2187 514 2255 equites
527 2186 655 2253 Tyrrheni
667 2186 702 2238 ed
714 2186 828 2238 limina·
840 2190 917 2256 regis.

274 2255 343 2308 Vota
355 2261 428 2307 metu
440 2255 578 2323 duplicant
589 2259 695 2321 matres,
707 2255 865 2324 propiusque
877 2255 975 2324 periclo

275 2324 303 2376 It
316 2326 400 2391 timor,
413 2330 440 2376 et
452 2326 534 2392 major
547 2324 641 2376 Mortis
649 2326 707 2392 jem
720 2329 829 2392 apparet
840 2325 935 2393 imago.

274 2394 341 2445 Tum
354 2400 428 2462 peter
440 2393 586 2460 Evandrus,
599 2393 721 2446 dextram
733 2410 790 2446 eom
808 2393 884 2445 lexus
897 2394 993 2462 euntis,

274 2463 372 2528 Haeret,
385 2463 550 2530 inexpletum
562 2463 710 2528 lacrimans,
722 2479 753 2514 sc
765 2467 794 2514 ta
806 2463 811 2474 '
841 2463 930 2515 fatur:

276 2530 320 2581 “O
334 2531 399 2581 mihi
412 2530 559 2597 prseteritos
571 2532 668 2583 referat
681 2533 702 2583 si
715 2532 823 2599 Jupiter
834 2532 933 2583 annos!
1068 2537 1121 2585 500

274 2594 365 2657 Qualis
377 2611 455 2659 eram,
469 2611 550 2661 quum
564 2595 676 2662 primam
688 2595 771 2646 aciem
784 2595 916 2648 Prseucste
928 2596 978 2649 sub
990 2597 1050 2667 ipse

272 2663 361 2715 Stravi
374 2669 558 2730 scutorumque
570 2663 675 2715 incendi
688 2663 772 2715 victor
783 2682 897 2732 acervos,

258 2731 300 2787 Et
309 2751 401 2804 regem
415 2733 468 2789 hac
480 2732 608 2788 Herilum
619 2732 714 2786 dentre
724 2733 772 2784 sub
784 2733 893 2786 'letters
905 2735 982 2789 misi:

245 2800 385 2862 Nascenti
398 2807 448 2863 oui
462 2813 519 2864 tres
534 2808 641 2865 enimes
651 2804 771 2860 letone
779 2808 876 2863 muter„

664 2909 674 2929 ⁸
693 2901 756 2936 lucu
