2700 3242
619 311 719 366 CIRIS.
1036 309 1086 364 391

251 409 302 464 Sed
313 413 398 465 malus
410 411 455 464 ille
467 430 540 481 puer,
553 430 630 480 quem
642 431 690 464 neo
703 429 751 464 sua
762 412 864 465 flectere
876 419 961 466 mater

251 481 354 534 iratum
365 483 460 551 potuit,
473 499 550 549 quem
562 500 610 534 nec
623 489 699 550 pater
710 490 789 550 atque
801 500 866 534 avus
877 483 946 535 idem

251 551 367 619 Jupiter,
379 552 425 603 ille
437 552 516 603 etiam
530 551 622 604 Poenos
636 553 762 604 domitare
775 552 861 604 leones

251 619 287 672 Et
299 621 399 673 validas
412 621 501 672 docuit
513 621 580 673 vires
591 639 771 688 mansuescere
783 622 865 689 tigris,

252 689 301 742 Ille
314 691 394 742 etiam
406 690 486 756 divos,
499 690 631 754 homines;
649 692 694 742 sed
707 692 791 742 dicere
803 709 929 758 magnum
941 699 996 753 ost;

252 759 327 811 Idem
339 766 398 811 tum
409 759 497 811 tristes
509 758 619 812 acuebat
631 760 757 828 parvulus
770 760 821 812 iras

252 829 272 882 J
272 829 367 880 unonis
379 846 487 896 magnae,
497 828 584 898 [cujus
596 829 711 897 perjuria
723 829 791 881 divae

254 898 324 951 Olim
337 914 363 949 se
375 898 523 950 meminisse
535 897 581 948 diu
593 900 698 966 perjura
710 898 805 966 puellae

253 968 279 1020 N
280 984 314 1019 on
325 967 374 1018 ulli
386 965 484 1034 liceat]
502 967 645 1019 violaverat
656 967 739 1019 inscia
751 968 845 1035 sedem,

254 1037 326 1089 Dum
338 1037 417 1088 sacris
429 1042 536 1104 operata
547 1035 603 1090 dees
615 1036 726 1103 lascivit,
739 1043 766 1089 et
778 1043 854 1090 extre

254 1105 376 1158 Procedit
387 1105 464 1173 longe
476 1111 592 1157 matrum
603 1107 780 1174 comitumque
792 1113 931 1173 catervam,

255 1175 413 1243 Suspensum
425 1175 542 1242 gaudens
554 1175 583 1226 in
595 1191 700 1242 corpore
712 1174 801 1227 ludere
813 1182 920 1243 vestem,

255 1245 292 1298 Et
304 1244 419 1296 tumidos
431 1245 550 1311 agitante
563 1244 635 1295 sinus
647 1244 777 1312 Aquilone
788 1244 916 1298 relaxans.

255 1314 376 1368 Necdum
388 1314 469 1365 etiam
481 1318 564 1365 castos
576 1313 723 1380 agitaverat
735 1314 803 1380 ignis
816 1314 932 1382 honores,

256 1382 377 1436 Necdum
388 1383 497 1434 solemni
509 1382 617 1450 lympha
629 1383 735 1450 perfusa
747 1383 863 1436 sacerdos

256 1452 386 1505 Pallentis
397 1452 467 1503 foliis
480 1458 561 1520 caput
573 1458 712 1504 exornarat
724 1452 812 1505 olivae:

258 1523 347 1586 Quum
358 1521 433 1590 lapsa
445 1538 459 1572 e
471 1521 593 1573 manibus
605 1521 675 1589 fugit
688 1522 749 1589 pila,
762 1539 894 1589 quumque
905 1521 1007 1591 relapsa

258 1591 392 1645 Procurrit
404 1592 491 1658 virgo:
510 1607 561 1658 quo
573 1591 678 1642 utinam
689 1608 722 1643 ne
735 1591 838 1659 prodita
849 1591 912 1644 ludo
1048 1593 1097 1643 lto

258 1662 347 1714 Aurea
359 1667 413 1713 tam
426 1660 520 1728 gracili
532 1661 649 1713 solvisset
661 1677 768 1728 corpora
780 1661 864 1729 palla!

260 1731 363 1797 Omnia,
376 1747 434 1798 quae
446 1730 559 1782 retinere
571 1730 690 1797 gradum,
703 1747 859 1799 cursumque
870 1730 966 1784 morari

259 1801 376 1867 Possem,
389 1817 404 1852 o
417 1806 506 1852 tecum
517 1799 612 1852 vellem
624 1806 671 1852 tua
684 1817 786 1869 semper
797 1800 918 1857 haberes!

260 1871 321 1923 Non
332 1887 450 1937 unquam
462 1870 561 1922 violata
572 1887 654 1921 manu
666 1871 778 1922 sacraria
790 1871 857 1922 divae

260 1941 281 1993 J
281 1939 382 1992 urando
394 1939 488 1990 infelix
500 1938 680 2007 nequidquam
688 1941 750 2006 jura
762 1939 865 2007 piasses.

261 2009 298 2062 Et
310 2009 332 2061 si
344 2008 402 2076 quis
414 2009 532 2059 nocuisse
545 2007 595 2058 tibi
607 2008 723 2075 perjuria
734 2008 830 2074 credat,

262 2079 348 2132 Causa
359 2079 403 2146 pia
416 2083 468 2129 est:
487 2077 577 2129 timuit
591 2077 667 2128 fratri
680 2081 707 2128 te
719 2076 853 2128 ostendere
865 2076 884 2129 J
885 2093 946 2130 uno.

261 2150 299 2200 At
311 2148 375 2199 levis
387 2147 431 2199 ille
444 2147 515 2212 deus,
528 2148 572 2198 cui
585 2163 686 2214 semper
697 2146 731 2197 ad
743 2145 923 2197 ulciscendum

263 2218 395 2282 Quaeritur
407 2234 440 2268 ex
453 2216 523 2267 omni
535 2215 674 2269 verborum
685 2215 783 2282 injuria
795 2214 873 2282 dicto,

262 2287 350 2339 Aurea
361 2286 476 2353 fulgenti
488 2287 641 2353 depromens
654 2284 708 2335 tela
719 2285 850 2352 pharetra,
1054 2278 1101 2328 160

263 2357 325 2409 Heu
337 2357 449 2407 nimium
460 2357 545 2421 tereti,
558 2354 672 2405 nimium
684 2353 823 2421 Tirynthia
835 2353 901 2421 visu,

263 2426 379 2494 Virginis
391 2425 420 2476 in
432 2430 522 2476 tenera
534 2425 662 2476 defixerat
674 2423 761 2475 omnia
772 2429 867 2476 mente.

264 2496 329 2560 Quae
342 2494 420 2547 simul
432 2511 462 2545 ac
474 2494 547 2545 venis
559 2493 649 2545 hausit
662 2491 811 2544 sitientibus
823 2494 919 2559 ignem,

263 2567 300 2620 Et
311 2565 429 2618 validum
441 2564 545 2632 penitus
558 2562 680 2630 concepit
691 2563 720 2613 in
732 2578 789 2612 ossa
800 2561 913 2613 imorem
923 2579 931 2626 ;

264 2638 340 2690 Saeva
351 2634 425 2686 velut
437 2632 530 2700 gelidis
543 2633 670 2685 Ciconum
682 2631 797 2683 Bistonis
808 2631 837 2682 in
849 2631 907 2699 oris,

266 2706 356 2759 Ictove
367 2703 501 2756 barbarico
551 2702 620 2755 heles
633 2700 757 2754 antistita
767 2700 851 2768 buxo,

262 2774 364 2829 infelix
376 2774 449 2843 virgo
462 2778 519 2828 tota
549 2772 680 2828 acchatur
691 2772 726 2827 in
735 2770 817 2838 urhe,

250 2845 313 2897 Non
325 2849 431 2911 styrace
443 2845 519 2903 Idaeo
532 2847 688 2922 flagrantes
699 2848 785 2921 picte-
794 2838 932 2912 θιὼ»
