2700 3242
384 334 555 390 AENEIDOS
572 333 639 388 LIB.
659 334 721 388 Vll.
930 335 981 386 22⁷

228 454 239 491 s
250 437 279 490 in
289 436 369 490 roseis
380 434 501 504 fulgebat
512 434 586 486 lutea
598 432 665 501 bigis
677 452 685 496 ;

237 507 310 560 venti
357 523 438 572 suere,
451 504 586 571 omnisque
598 508 707 570 repente
718 500 815 553 resedit

228 595 230 625 l
242 584 270 628 et
281 576 310 628 in
332 581 393 628 ento
405 574 543 626 luctantur
554 588 683 624 marmore
695 576 783 622 tonsae.

236 645 280 697 hic
292 644 388 696 AEnees
400 644 536 710 ingentem
548 658 581 692 ex
594 657 697 708 equore
709 639 800 691 lucum

229 714 273 767 cit.
308 714 390 766 Hunc
401 713 472 764 inter
483 711 564 762 fluvio
576 710 714 762 Tiberinus
726 726 837 776 amoeno,
948 706 983 760 30

227 783 286 835 ibus
297 783 404 850 rapidis,
417 787 444 833 et
456 781 543 832 multa
554 779 638 832 flavus
651 795 738 845 arena,

228 869 254 904 re
265 851 419 971 prorumpit.
447 849 533 902 Varia
546 849 698 918 circumque
711 864 843 916 supraque

228 939 256 974 aa
268 921 332 988 ripis
345 938 377 972 vo
388 936 462 971 ucres
474 924 502 971 et
513 918 629 971 fluminis
641 917 716 970 alveo

228 1007 248 1042 a
258 989 410 1041 mulcebant
423 994 511 1055 cantu,
524 987 635 1055 lucoque
648 987 779 1039 volabant

228 1076 256 1111 re
267 1059 317 1111 iter
329 1059 404 1110 sociis
416 1063 542 1126 terraeque
554 1057 690 1108 advertere
702 1074 790 1123 proras

227 1133 263 1195 at,
276 1133 303 1179 et
314 1128 392 1179 laetus
403 1126 484 1178 fluvio
497 1126 614 1178 succedit
627 1142 714 1193 opaco.

228 1213 252 1249 ro
264 1214 320 1264 age,
333 1196 380 1264 qui
391 1213 472 1264 reges,
485 1196 572 1262 Erato,
585 1212 644 1263 quse
657 1200 776 1263 tempora
788 1211 884 1262 rorum,
979 1208 981 1213 ·

228 1266 291 1318 ¹ustio
303 1265 413 1333 antiquo
424 1265 505 1317 fuerit
518 1270 610 1332 status,
622 1265 725 1317 advena
737 1264 847 1317 classem

239 1335 355 1404 primum
366 1334 490 1386 Ausoniis
503 1334 634 1386 exercitus
646 1334 752 1402 appulit
764 1333 821 1400 oris,

228 1405 293 1471 bam,
307 1409 334 1456 et
364 1404 436 1454 rimae
448 1401 573 1456 revocabo
585 1404 693 1455 exordia
704 1419 809 1472 pugna.
947 1404 983 1456 40

228 1480 286 1541 tm,
299 1479 330 1525 tu
361 1474 410 1540 ra,
422 1490 506 1525 mone.
541 1473 636 1525 Dicam
648 1473 754 1524 horrida
766 1471 835 1524 bella
846 1488 854 1536 ;

228 1565 233 1594 ι
244 1543 320 1609 acies,
333 1548 456 1610 actosque
467 1542 562 1594 animis
574 1542 604 1594 in
615 1542 710 1594 funera
721 1559 803 1609 reges,

228 1629 352 1681 eramque
363 1629 479 1678 manum,
492 1617 628 1679 totamque
640 1610 689 1663 sub
701 1628 774 1663 arma
786 1616 904 1663 coactam

228 1682 302 1734 nam,
337 1681 424 1748 Major
434 1698 523 1732 rerum
534 1681 601 1732 mihi
613 1681 732 1733 noscitur
743 1681 805 1733 ordo
817 1699 824 1743 ;

240 1768 305 1819 opus
317 1767 415 1802 moveo.
451 1750 509 1802 Rex
521 1767 584 1803 arva
595 1750 707 1802 Latinus
718 1755 746 1802 et
757 1749 834 1802 urbes

229 1821 301 1872 enior
312 1820 392 1886 longa
403 1819 521 1888 placidas
533 1820 561 1870 in
574 1836 638 1887 pace
649 1819 764 1887 regebat.

233 1889 325 1941 Fauno
337 1896 364 1941 et
376 1889 494 1957 nympha
506 1889 627 1957 genitum
639 1889 771 1941 Laurente
782 1888 884 1941 Marica

228 1959 307 2011 lmus:
325 1958 418 2011 Fauno
430 1958 508 2010 Picus
521 1963 611 2026 pater:
629 1958 704 2027 isque
716 1964 852 2026 parentem

228 2034 318 2095 turne,
330 2028 411 2080 refert
422 2047 429 2092 ς
448 2035 479 2080 tu
492 2027 628 2095 sanguinis
640 2027 751 2080 ultimus
763 2034 863 2080 auctor.

236 2097 306 2165 huic,
318 2097 374 2149 fato
386 2097 486 2163 dirum,
498 2098 635 2166 prolesque
647 2097 729 2150 virilis
950 2097 985 2147 50

233 2167 294 2233 fuit,
307 2167 443 2235 primaque
456 2168 540 2219 oriens
553 2173 643 2234 erepte
651 2168 764 2235 juventa
777 2171 823 2218 est.

228 2254 320 2289 ,omum
331 2243 359 2289 et
371 2242 460 2289 tantas
473 2236 593 2289 servabat
604 2236 660 2288 lilia
672 2237 753 2302 sedes,

228 2312 321 2359 natum
332 2307 395 2372 viro,
404 2307 461 2374 jam
475 2306 559 2374 plenis
571 2306 669 2358 nubilis
682 2306 766 2358 annis.

235 2376 309 2427 illam
320 2393 417 2444 magno
430 2393 444 2427 e
456 2376 532 2428 Latio
544 2381 653 2443 totaque
665 2375 791 2443 petebant

228 2445 275 2508 ia;
293 2446 361 2513 petit
373 2451 436 2498 ante
448 2446 512 2498 alios
524 2444 716 2514 pulcherrimus
729 2461 817 2496 ornnes

228 2531 252 2581 is,
265 2515 321 2567 avis
333 2515 470 2583 atavisque
482 2521 574 2584 potens
586 2533 594 2578 ;
611 2531 690 2582 quem
701 2515 773 2580 regia
785 2515 883 2581 conjux

228 2585 260 2650 igi
272 2602 397 2651 generum
408 2585 474 2637 miro
486 2584 643 2654 properabat
655 2601 743 2636 amore
754 2602 761 2646 ;

228 2653 284 2705 sriis
296 2660 418 2722 portenta
431 2653 510 2706 deum
522 2652 663 2706 terroribus
676 2653 788 2704 obstant.

228 2739 243 2774 s
255 2730 312 2776 erat
323 2724 389 2775 tecti
400 2723 485 2775 modio
497 2723 525 2774 in
537 2721 716 2791 penetralibus
728 2721 801 2788 altis,

232 2808 340 2858 comam,
353 2792 502 2862 multosque
513 2798 591 2849 metu
604 2798 714 2851 seruata
723 2810 774 2865 per
785 2807 878 2846 annos
886 2806 900 2843 ·.
976 2786 1018 2836 bb

228 2860 463 2934 procurrentem,
475 2866 585 2936 primas
599 2884 694 2942 qunrn
704 2865 848 2925 coniuret
856 2872 952 2920 ant&
