2700 3242
525 287 690 340 AENEIDOS
708 287 774 339 LIB.
793 285 813 338 1.
1045 286 1094 339 105

248 381 252 388 ’
283 381 354 435 Tum
364 386 481 440 breviter
492 388 568 450 Dido,
581 389 686 439 vultum
698 389 816 453 demisse,
829 388 962 456 profatur:

252 452 378 506 “Solvite
388 451 464 504 corde
476 462 585 519 metum,
598 452 699 517 Teucri,
713 453 839 507 secludite
851 474 933 511 curas.

253 523 302 574 Res
315 525 384 576 dure
396 531 424 576 et
436 523 510 590 regni
523 535 624 574 novitus
636 541 678 576 me
690 524 755 575 talia
766 533 865 591 cogunt

251 592 350 659 Moliri,
363 601 391 645 et
403 593 456 645 late
468 595 532 643 fines
545 593 651 644 custode
663 594 739 646 tueri.

253 662 317 724 Quis
329 679 414 728 genus
426 662 581 728 AEueadum,
594 663 652 729 quis
664 663 747 730 troje
759 662 859 714 nesciat
871 663 968 730 urbem,

253 731 425 799 virtutesque
437 733 563 799 virosque,
576 740 624 782 aut
635 733 704 784 tanti
717 732 839 783 incendia
851 731 931 784 bellil

252 800 312 852 Nou
325 800 420 853 obtuse
432 801 496 852 adeo
508 809 640 867 gestamus
652 810 758 869 pectora
770 801 861 863 Poeni;

252 869 276 920 N
278 887 307 922 ec
319 876 376 922 tum
389 887 493 922 aversus
506 887 585 936 equos
598 870 675 937 Tyria
688 871 730 923 Sol
740 872 831 938 jungit
843 871 876 922 ab
888 871 958 924 urbe.

253 938 304 990 Seu
316 957 362 991 vos
376 939 530 1008 Hesperiam
542 956 665 1005 maguum
678 940 852 1007 Saturniaque
865 958 934 1007 urva,

252 1007 312 1060 Sive
325 1009 417 1076 Erycis
429 1012 494 1060 fines
505 1026 645 1076 regemque
657 1010 754 1077 optatis
767 1011 885 1076 Acesten,
1042 1013 1093 1063 570

253 1078 362 1129 Auxilio
375 1085 445 1130 tutos
458 1078 599 1145 dimittam,
611 1079 755 1147 opibusque
763 1079 868 1147 juvabo.

254 1147 344 1198 Vultis
356 1154 383 1199 et
396 1147 436 1199 his
447 1165 551 1199 mecum
562 1148 660 1216 pariter
672 1149 803 1200 considere
815 1150 917 1215 regnis;

254 1217 352 1269 Urbem
364 1234 443 1284 quem
456 1225 550 1280 statuo,
561 1225 647 1269 vestre
659 1227 714 1269 est:
733 1218 870 1269 subducite
882 1236 978 1280 neres,

253 1285 316 1338 llos
329 1287 474 1354 Tyriusque
486 1286 552 1337 mihi
564 1287 637 1338 nullo
650 1287 800 1339 discrimine
813 1295 912 1354 egetur.

253 1356 343 1424 Atque
355 1356 458 1407 utinam
469 1374 516 1407 rex
529 1356 591 1425 ipse,
606 1355 674 1407 Noto
688 1356 839 1422 compulsus
852 1355 949 1415 eodem,

253 1425 355 1477 Afferet
367 1425 481 1479 AEnees!
513 1425 643 1494 Equidem
655 1443 702 1494 per
714 1425 791 1478 litora
804 1431 886 1476 certos

253 1493 404 1562 Dimittam,
417 1501 443 1546 et
455 1495 543 1564 Libyae
556 1494 666 1547 lustrare
679 1501 797 1547 extreme
804 1494 910 1562 jubebo,

254 1563 281 1616 Si
294 1563 390 1631 quibus
402 1566 500 1632 ejectus
513 1564 585 1616 silvis
597 1570 644 1616 eut
656 1565 764 1616 urbibus
777 1563 871 1616 enut.'’

289 1632 341 1684 His
352 1633 470 1685 animum
482 1634 576 1686 arrecti
589 1633 673 1701 dictis,
686 1641 713 1686 et
724 1635 799 1686 fortis
808 1634 922 1685 Achates

255 1701 290 1754 Et
301 1708 379 1770 peter
390 1702 488 1755 AEuees
496 1703 654 1770 jamdudum
667 1721 801 1771 erumpere
813 1703 910 1754 nubem
1044 1708 1094 1754 580

254 1770 397 1824 Ardebant.
427 1772 502 1824 Prior
513 1773 617 1824 AEnean
629 1773 767 1841 compellat
780 1773 909 1825 Achates:

255 1838 349 1892 “Nate
361 1838 417 1902 deu,
430 1856 489 1907 quoe
500 1857 572 1892 nunc
585 1842 673 1893 animo
686 1841 816 1892 sententia
828 1838 933 1906 surgitl

255 1907 351 1959 Omnia
362 1913 423 1959 tute
435 1907 513 1975 vides,
526 1908 634 1959 classem
647 1909 778 1975 sociosque
790 1913 912 1974 receptos.

254 1976 332 2028 Unus
343 1977 424 2043 abest,
436 1977 521 2029 medio
533 1977 656 2028 inductu
669 1994 746 2044 quem
758 1976 872 2028 vidimus
884 1976 934 2043 ipsi

254 2045 441 2110 Submersum;
460 2046 536 2097 dictis
548 2046 706 2113 respondent
719 2052 803 2098 cetere
815 2046 912 2097 metris.

255 2115 309 2167 Vix
322 2132 353 2167 ea
364 2115 436 2167 fetus
449 2121 511 2179 eret,
525 2132 607 2182 quum
619 2115 776 2166 circumfusa
788 2123 895 2182 repente

260 2185 365 2238 Seiudit
377 2203 403 2237 se
415 2186 498 2238 nubes
510 2198 537 2238 et
549 2187 578 2237 in
589 2187 687 2240 aethere
698 2195 796 2256 purget
807 2195 936 2256 apertum.

260 2255 371 2307 Restitit
382 2255 480 2308 AEneas
492 2255 612 2322 claraque
626 2257 652 2306 in
665 2257 723 2309 luce
735 2258 845 2314 refulsit,

254 2322 290 2376 Os
302 2322 475 2390 humerosque
488 2322 535 2374 deo
548 2322 654 2374 similis:
673 2338 785 2389 nemque
798 2322 855 2389 ipsa
867 2322 986 2374 decorem

255 2392 395 2444 Ceeseriem
406 2398 469 2444 nato
481 2392 609 2459 genetrix,
623 2391 763 2458 lumenque
772 2393 891 2455 juventae
1042 2395 1090 2445 too

254 2461 278 2513 Ρ
329 2478 430 2528 ureum,
443 2468 470 2513 et
482 2462 556 2513 laetos
568 2461 649 2512 oculis
662 2460 763 2512 efflaret
775 2460 899 2512 honores:

254 2531 340 2594 Quae
352 2547 446 2582 munus
458 2531 560 2582 addunt
573 2530 642 2581 ebori
655 2530 741 2596 decus,
754 2537 801 2580 aut
813 2529 857 2580 ubi
870 2530 938 2582 flavo

253 2602 406 2667 Argentum
418 2598 542 2651 Pariusve
554 2600 620 2667 lapis
633 2599 810 2650 circumdatur
822 2616 891 2652 euro.

253 2669 325 2721 Tum
337 2669 374 2720 sic
385 2669 503 2736 reginam
515 2669 663 2735 alloquitur,
676 2670 828 2728 cunctisque
840 2678 946 2737 repente

255 2738 418 2806 Improvisus
429 2738 484 2789 ait:
504 2735 518 2764 “
527 2737 624 2805 (brem,
639 2757 719 2812 quem
732 2740 862 2814 quaeritis,
872 2743 974 2797 eduum

249 2807 344 2855 Troius
351 2804 454 2871 AEnees,
466 2806 576 2877 Libycis
589 2824 701 2887 ereptus
713 2816 752 2874 ab
763 2817 858 2876 undis„
