2700 3242
421 591 452 648 P.
474 593 678 652 VIRGILII
707 599 921 658 lllARONlS

382 738 408 826 Ο
521 738 541 824 Ι
652 740 688 827 R
801 743 821 830 I
932 745 960 832 S

518 903 814 959 nouissimis.

598 1070 724 1088 mmmm

252 1173 319 1226 Eum
331 1191 373 1227 me
384 1175 456 1227 vario
464 1177 596 1243 jactatum
608 1174 694 1227 leudis
706 1191 799 1240 amore,

252 1243 383 1312 Irritaque
394 1251 532 1314 expertum
543 1245 644 1296 fallacis
656 1244 765 1312 praemis
776 1242 857 1312 vulgi,

252 1311 390 1381 Cecropius
402 1330 493 1365 suaves
505 1314 640 1382 exspirans
651 1313 772 1366 hortulus
784 1330 860 1365 eures

251 1381 381 1435 Florentis
393 1383 471 1436 viridi
483 1383 585 1452 Sophiae
598 1383 780 1451 complectitur
790 1381 897 1434 umbra:

249 1449 323 1502 Num
334 1469 392 1503 mee
403 1458 502 1520 quaeret
514 1470 543 1505 eo
556 1453 665 1519 dignum
678 1453 728 1504 sibi
740 1468 855 1519 quaerere
867 1448 988 1504 carmen!

250 1519 338 1588 Longo
350 1521 423 1572 uliud
435 1522 552 1573 studium
564 1528 643 1589 etque
656 1522 720 1573 elios
731 1521 849 1573 accincto
861 1519 967 1588 lebores,

249 1588 338 1642 Altius
350 1590 384 1642 ed
395 1591 486 1658 magni
498 1591 634 1659 suspendit
646 1591 731 1643 sidera
742 1590 843 1658 mundi,

248 1657 285 1710 Et
296 1659 425 1728 placitum
436 1660 526 1779 paucis
538 1678 601 1713 ause
613 1667 653 1713 est
664 1661 802 1714 escendere
814 1660 920 1713 collem:

248 1726 308 1780 Non
320 1734 437 1782 tamena
455 1730 544 1781 sistam
557 1736 670 1798 coeptum
684 1731 804 1783 detexere
815 1746 920 1797 munus,

249 1795 281 1848 In
294 1814 345 1864 quo
353 1799 413 1865 jure
424 1815 495 1851 meus
506 1800 611 1851 utinum
622 1800 781 1867 requiescere
792 1799 890 1867 Muses,
1051 1798 1084 1848 10

247 1864 284 1918 Et
295 1866 389 1919 leviter
400 1867 527 1919 blandum
538 1868 617 1920 liceat
629 1869 757 1936 deponere
768 1885 874 1920 morem

246 1932 335 2056 fflod
347 1937 370 1988 si
380 1936 520 1988 mirificum
531 1936 645 2005 proferro
657 1936 747 1988 velent
759 1954 841 2003 genus
853 1952 941 1988 omnes

279 2004 285 2017 ‘
300 2005 390 2057 ificum
402 2006 479 2070 seseli,
491 2007 568 2058 modo
580 2005 614 2058 sit
626 2005 675 2057 tibi
688 2005 756 2058 velle
768 2004 875 2074 libido;]

245 2072 274 2126 si
285 2091 328 2127 me
335 2076 393 2142 jum
405 2092 507 2127 summe
519 2074 653 2142 Sapientia
664 2080 790 2143 pangeret
801 2091 868 2139 erce,

246 2142 365 2208 Quotuor
377 2144 493 2212 antiquis
505 2160 563 2212 quae
575 2143 713 2196 heredibus
725 2150 765 2196 est
777 2143 840 2196 dete
851 2160 961 2210 consors,

246 2211 323 2265 Unde
334 2212 470 2265 hominum
483 2231 579 2265 errores
591 2213 667 2280 longe
680 2213 784 2282 lateque
797 2229 844 2281 per
856 2213 943 2265 orbem

243 2281 391 2350 Despicere,
403 2288 483 2350 etque
495 2283 606 2334 humiles
618 2300 720 2351 possem
731 2288 895 2335 contemnere
907 2298 995 2336 eurus:

243 2351 304 2404 Non
316 2369 364 2418 ego
377 2358 403 2404 te
416 2351 497 2404 talem
509 2369 647 2404 venerarer
657 2369 766 2404 munere
778 2351 833 2418 teli,

241 2420 303 2474 Non
315 2421 443 2489 equidem,
456 2422 575 2489 quumvis
587 2421 720 2474 interdum
732 2421 822 2474 ludere
833 2420 915 2488 nobis,

240 2489 278 2543 Et
289 2490 414 2558 gracilem
425 2491 498 2542 molli
511 2491 589 2543 liceat
601 2491 666 2559 pede
679 2491 800 2544 claudere
812 2507 930 2555 versum
1044 2490 1079 2542 20

197 2552 200 2603 l
240 2559 293 2613 sed
305 2576 400 2626 magno
411 2560 540 2626 intexens,
553 2560 574 2612 si
586 2561 626 2613 fas
638 2567 678 2613 est
689 2561 781 2628 dicere,
793 2559 878 2629 peplo,

241 2628 332 2693 Qualis
345 2628 499 2682 Erechtheis
512 2629 573 2682 olim
585 2636 706 2699 portetur
717 2630 836 2696 Athenis,

238 2696 338 2752 Debita
348 2715 431 2766 quum
443 2705 521 2752 cestae
534 2700 671 2754 solvuntur
683 2706 747 2755 vote.
757 2700 903 2765 Minerua,

236 2765 372 2832 rumpes
383 2768 501 2822 confecto
512 2770 627 2827 redeunt
641 2770 948 2847 Quinquatriuluum,
