2700 3242
339 282 540 338 GEORGIOON
559 285 626 337 LIB,
645 285 666 337 Ι.
888 290 921 343 35

229 383 288 437 uda
299 384 383 437 viriet
400 385 442 437 vel
455 401 538 454 quum
549 385 605 437 ruit
616 386 780 438 imbriferum
792 402 846 455 ser,

229 475 234 504 ι
246 454 345 522 eampis
358 471 439 522 quum
450 455 541 506 messis
552 455 692 522 inhorruit,
705 462 732 508 et
744 473 828 523 quum

230 521 260 574 in
271 523 351 576 viridi
364 523 462 591 stipula
473 523 600 576 laetentia
612 530 721 591 turgent
731 525 741 575 l

229 608 312 660 quum
324 592 399 644 flavis
410 609 550 645 messorem
561 593 700 644 induceret
713 594 783 644 arsis

229 666 245 712 st
257 660 347 728 fragili
355 662 412 728 jam
426 662 566 728 stringeret
578 661 676 713 hordea
688 663 783 729 culmo,

229 735 321 782 torum
333 747 485 782 concurrere
496 729 590 798 proelia
602 730 675 793 vidi;

229 799 289 851 dam
301 799 355 851 late
368 805 481 866 segetem
493 799 527 850 ab
538 798 670 850 radicibus
679 799 739 851 imis

229 869 344 936 (pulsem
355 874 493 921 eruerent:
511 869 551 919 ita
563 868 669 920 turbine
681 869 756 935 nigro
868 871 923 924 320

229 954 260 989 ns
272 937 442 1005 culmumque
454 937 539 989 levem
552 937 715 1005 stipulasque
727 938 852 991 volantes.

230 1023 242 1057 r
253 1007 410 1058 immensum
422 1008 487 1058 coelo
499 1006 573 1058 venit
584 1023 680 1073 agmen
691 1024 827 1074 aquarum,

230 1074 378 1144 glomerant
390 1080 574 1144 tempestatem
586 1075 714 1127 imbribus
725 1076 790 1127 atris

230 1162 242 1196 ι
254 1144 308 1196 alto
320 1144 403 1196 nubes
414 1164 420 1208 ;
437 1145 493 1196 ruit
505 1145 603 1196 arduus
616 1145 705 1210 oether,

230 1214 327 1281 'urgenti
339 1219 396 1266 sata
407 1213 470 1266 loeta
481 1214 612 1280 boumque
624 1214 725 1265 labores

230 1283 341 1351 lplentur
352 1283 433 1349 fossae,
446 1288 473 1335 et
486 1300 550 1334 cava
562 1282 673 1334 flumina
685 1287 806 1333 crescunt

230 1352 398 1419 afervetque
409 1353 484 1404 fretis
497 1351 657 1420 spirantibus
670 1367 765 1417 aequor.

230 1462 233 1484 ‚
245 1421 333 1474 media
344 1422 492 1473 nimborum
504 1422 532 1471 in
544 1426 629 1487 noete,
642 1437 749 1472 corusca

230 1491 319 1543 rolitur
331 1491 440 1543 dextra:
459 1507 510 1558 quo
522 1491 639 1541 maxima
650 1495 724 1540 motu

230 1561 255 1612 it
265 1579 272 1623 ;
289 1561 381 1628 fugere
393 1561 462 1626 ferae,
475 1567 502 1612 et
514 1559 636 1611 mortalia
648 1559 727 1610 corda
867 1560 920 1612 330

240 1629 348 1681 humilis
361 1630 455 1681 stravit
467 1645 564 1696 pavor:
581 1629 627 1680 ille
639 1628 763 1696 flagranti

231 1702 297 1760 ,aut
309 1697 461 1760 Rhodopen,
474 1701 521 1747 aut
533 1697 587 1748 alte
600 1698 726 1750 Ceraunia
738 1697 789 1747 tolo

229 1765 375 1832 rgeminant
383 1762 474 1814 Austri
488 1768 515 1812 et
527 1762 696 1814 densissimus
710 1763 809 1826 imber;

230 1850 271 1886 ora
283 1834 386 1900 ingenti
398 1838 484 1898 vento,
496 1848 567 1882 nune
579 1830 808 1900 litoraplangunt.

230 1920 272 1970 ms,
285 1902 343 1954 eoeli
355 1919 456 1954 menses
468 1906 495 1952 et
507 1900 591 1951 sidera
604 1916 695 1961 serva;

231 1972 303 2023 turni
315 1989 369 2023 sese
382 1988 433 2038 quo
445 1970 522 2021 stella
533 1974 649 2036 receptet
660 1987 667 2030 3

239 2041 298 2093 coeli
310 2041 444 2108 Cyllenius
456 2043 524 2091 erret
535 2039 564 2090 in
576 2038 656 2089 orbes.

231 2124 339 2158 yenerare
352 2108 419 2171 deos,
432 2114 511 2172 atque
523 2121 613 2155 annue
624 2121 726 2168 magum

230 2197 235 2210 ·
247 2180 332 2232 Cereri
344 2180 412 2232 laetis
424 2183 546 2246 operatus
558 2177 587 2228 in
599 2176 694 2239 herbis,

230 2249 270 2301 ub
282 2266 370 2301 casum
382 2249 483 2314 hiemis,
493 2249 550 2314 jam
562 2264 622 2298 vore
635 2261 731 2296 sereno.
870 2243 923 2294 340

231 2335 268 2370 res
281 2319 350 2385 agni,
363 2324 390 2370 et
405 2324 463 2369 tum
475 2316 628 2368 mollissima
641 2314 720 2374 vina3

231 2387 240 2438 i
253 2388 349 2454 dulces,
362 2387 500 2454 densaque
511 2386 540 2436 in
552 2383 686 2436 montibus
698 2381 803 2434 umbre.

232 2457 241 2507 i
254 2457 369 2509 Cererem
382 2456 464 2524 pubes
477 2454 586 2520 agrestis
599 2453 707 2513 adoret;

231 2542 251 2577 ’a
263 2527 337 2578 favos
349 2532 376 2578 et
387 2526 447 2576 miti
460 2525 532 2575 dilue
545 2523 655 2586 Baccho,

231 2612 271 2647 sas
284 2596 382 2647 circum
394 2595 459 2646 felix
472 2599 516 2644 eat
528 2592 614 2642 hostia
625 2591 715 2656 fruges
726 2608 732 2650 ;

231 2681 263 2716 un
275 2665 368 2716 chorus
381 2671 407 2716 et
420 2663 481 2714 socii
494 2662 652 2713 comitentur
664 2664 782 2723 orantes,

231 2733 365 2811 uclamore
379 2738 472 2786 rorent
485 2733 515 2786 in
528 2739 608 2790 tecta.
646 2733 746 2806 Neque
757 2739 824 2788 autu

231 2803 293 2849 Μ
303 2803 446 2869 uuistuom
461 2818 604 2881 supponat
618 2811 726 2878 aristis,
