2700 3242
527 308 694 363 AENFIDOS
712 309 781 365 LIB.
798 308 862 366 XII.
1054 317 1105 365 365

259 407 334 460 Inter
347 424 374 460 se
387 406 477 460 coiisse
489 407 565 475 viros,
577 413 605 460 et
617 425 723 461 cernere
733 409 810 462 ferro.
875 461 879 468 ,

258 476 348 545 Atque
360 476 408 544 illi,
420 482 452 529 ut
465 493 548 530 vacuo
560 483 707 545 patuerunt
720 493 823 545 aequore
835 475 930 547 campi,
1054 477 1105 530 710

260 545 391 598 Procursu
402 546 501 614 rapido,
514 547 639 614 conjectis
651 546 754 599 eminus
766 546 857 612 hastis,

261 613 398 667 Invadunt
409 615 525 667 Martem
538 616 628 683 clipeis
640 621 722 684 atque
733 633 784 668 sere
797 631 896 668 sonoro.

260 682 315 735 Dat
326 683 456 750 gemitum
468 684 563 737 tellus:
581 691 640 736 tum
652 686 755 737 crebros
767 682 872 737 ensibus
884 684 954 737 ictus

261 752 459 819 congeminant.
489 753 553 805 Fors
566 759 593 804 et
605 754 690 805 virtus
701 754 846 806 miscentur
858 754 887 805 in
898 769 991 808 unum.

260 821 299 873 Ac
312 822 385 873 velut
397 822 500 888 ingenti
512 821 568 874 Sila
580 839 714 875 summove
726 822 848 874 'laburno

262 889 350 952 Quum
362 891 413 942 duo
426 891 554 943 conversis
566 891 674 943 inimica
686 891 714 943 in
726 891 819 959 proelia
830 890 902 944 tauri

260 957 402 1011 Frontibus
414 959 561 1026 incurrunt,
573 961 664 1028 pavidi
677 977 775 1012 cessere
786 960 906 1028 magistri
916 979 924 1025 ;

261 1026 321 1080 Stet
332 1045 412 1095 pecus
424 1045 500 1080 omne
511 1034 586 1081 metu
597 1035 711 1096 mutum,
722 1035 892 1097 mussantque
900 1031 1029 1097 juvenca,

263 1095 328 1158 Quis
339 1097 439 1149 nemori
451 1097 592 1166 imperitet,
605 1116 683 1166 quem
696 1104 752 1151 tota
764 1105 884 1151 armenta
895 1105 1057 1167 sequantur3

262 1165 307 1216 Illi
319 1166 389 1218 inter
401 1183 455 1218 sese
467 1167 553 1219 multa
562 1168 589 1219 vi
601 1167 712 1219 vulnera
723 1168 844 1234 miscent,
1052 1169 1105 1220 720

262 1233 416 1303 Cornuaque
428 1234 519 1288 obnixi
530 1236 654 1304 infigunt,
664 1243 691 1288 et
703 1237 830 1303 sanguine
842 1236 915 1302 largo

262 1303 335 1356 Oolla
346 1321 483 1371 armosque
494 1304 604 1368 lavant;
622 1305 724 1372 gemitu
736 1321 828 1356 nemus
840 1321 917 1357 omne
927 1304 1056 1372 remugit:

262 1373 343 1426 Haud
354 1380 367 1409 ⁹
380 1374 456 1426 alitor
469 1376 531 1427 'lios
543 1376 638 1426 AEncas
650 1379 678 1426 et
692 1374 812 1426 Daunius
825 1374 899 1425 heros

262 1442 427 1494 Concurrunt
440 1441 530 1510 clipeis
540 1460 547 1505 ;
566 1442 659 1510 ingens
671 1442 760 1508 fragor
772 1441 871 1493 aethera
883 1442 1005 1510 complet.

261 1511 371 1580 Jupiter
381 1512 437 1580 ipse
448 1512 514 1563 duas
526 1517 630 1578 aequato
643 1511 764 1562 examine
775 1510 863 1562 lances

262 1579 387 1647 Sustinet,
400 1587 427 1632 et
438 1579 496 1632 fata
506 1580 620 1648 imponit
632 1580 735 1632 diverse
747 1580 866 1647 duorum,

263 1649 347 1712 Quem
360 1649 467 1701 damnet
479 1648 559 1716 labor,
572 1655 599 1701 et
611 1667 662 1718 quo
674 1654 766 1717 vergat
778 1650 891 1717 pondere
902 1648 993 1702 letum.

262 1717 367 1771 Emicat
378 1718 430 1785 hic,
441 1718 550 1786 impune
561 1725 667 1786 putans,
680 1724 707 1771 et
719 1735 824 1787 corpore
836 1724 892 1771 toto

262 1787 325 1839 Alte
337 1786 471 1839 sublatum
484 1789 618 1854 consurgit
630 1789 734 1840 Turnus
745 1788 774 1839 in
787 1805 882 1855 ensem,

262 1855 299 1908 Et
310 1856 379 1908 ferit.
408 1856 568 1910 Exclamant
580 1857 659 1910 Trois
671 1857 821 1925 trepidique
833 1856 930 1923 Latini,
1054 1858 1106 1908 730

262 1924 430 1993 Arrectaeque
442 1925 577 1978 amborum
589 1926 665 1978 acies.
696 1927 732 1978 At
744 1925 858 1994 perfidus
871 1926 940 1978 ensis

263 1993 412 2061 Frangitur,
425 1995 453 2047 in
465 1996 602 2062 medioque
614 1995 750 2047 ardentem
762 1994 858 2046 deserit
870 1995 942 2047 ictu:

262 2063 299 2115 Ni
310 2064 374 2131 fuga
387 2062 501 2116 subsidio
513 2064 613 2116 subeat.
643 2063 725 2130 Fugit
737 2063 806 2114 ocior
818 2060 899 2125 Fure,

263 2132 301 2184 Ut
313 2133 437 2201 capulum
448 2132 569 2200 ignotum
582 2133 755 2199 dextramque
766 2132 871 2199 aspexit
882 2131 1015 2184 inermem.

263 2200 346 2254 Fama
358 2207 405 2269 est,
418 2203 589 2270 praeeipitem,
602 2219 683 2270 quum
694 2201 780 2268 prima
790 2200 820 2252 in
832 2201 925 2267 proelia
933 2202 1041 2269 junctos

264 2271 460 2323 Conscendebat
472 2289 557 2339 equos,
570 2271 655 2340 patrio
667 2285 792 2322 mucrone
803 2269 902 2335 relicto,

263 2339 335 2391 Dum
346 2341 470 2408 trepidat,
483 2341 581 2392 ferrum
593 2340 691 2406 aurigae
703 2339 820 2406 rapuisse
832 2337 937 2390 Metisci
947 2356 955 2402 ;

264 2409 349 2475 quue
361 2410 415 2476 diu,
427 2410 491 2460 dum
503 2415 577 2477 terga
590 2409 690 2461 dabant
701 2407 820 2476 palantia
832 2407 931 2473 Teucri,

264 2477 372 2530 Suffecit
382 2497 388 2530 ε
400 2484 539 2546 postquam
551 2495 624 2530 arma
636 2478 679 2529 dei
691 2477 725 2528 ad
738 2476 868 2529 Vulcania
880 2481 994 2542 ventum,

264 2547 384 2599 Mortalis
396 2563 493 2611 mucro,
506 2546 602 2612 glacies
614 2563 661 2598 ceu
674 2546 766 2612 futilis,
779 2546 834 2598 ictu
1055 2544 1107 2599 740

264 2617 386 2669 Dissiluit
397 2635 404 2679 ;
422 2615 495 2667 fulva
507 2615 674 2683 resplendent
685 2615 817 2682 fragmina
828 2631 912 2666 arena.

264 2685 334 2752 Ergo
346 2702 436 2737 amens
449 2684 551 2737 diversa
563 2685 628 2752 fuga
640 2685 709 2753 petit
721 2701 824 2752 aequora
836 2685 958 2745 'Furnus;

265 2754 301 2806 Ilt
313 2770 384 2806 nunc
396 2754 457 2820 huc,
469 2754 531 2805 inde
543 2753 595 2806 huc
607 2754 721 2806 incertos
732 2753 857 2822 implicat
866 2753 955 2804 or'oeu

265 2821 386 2890 Undique
398 2823 469 2877 enim
483 2823 567 2881 densa
578 2824 679 2881 'leucri
687 2824 829 2880 inclusere
839 2835 966 2880 corone-⁸.

629 2923 640 2950 ⁸
656 2921 710 2963 lion
719 2919 786 2960 ul'uer
