2700 3242
276 297 329 348 298
510 295 539 349 P.
553 292 708 348 VIRGILII
726 292 889 346 MARONIS
911 286 913 289 ’

277 393 422 463 Gorytiquc
433 393 504 448 leves
515 394 632 447 humeris
644 399 672 447 et
684 394 773 447 letifer
784 411 869 447 arcus.

278 463 339 516 Una
350 469 440 516 torvus
453 463 541 517 Abas:
560 464 623 516 huic
635 470 722 516 totum
734 463 882 532 insignibus
894 463 976 516 armis
1080 467 1131 517 170

277 532 389 600 Agmen,
401 537 428 585 et
441 540 533 585 aurato
544 533 665 600 fulgebat
678 533 800 602 Apolline
813 533 916 602 puppis.

279 601 421 655 Sescentos
433 602 474 654 illi
487 603 595 654 dederat
607 603 756 670 Populonia
768 610 853 654 mater

279 670 409 740 Expertes
420 671 483 724 belli
491 673 603 740 juvenes
614 691 620 735 3
638 679 680 723 ast
693 672 751 725 Ilva
763 677 894 723 trecentos

280 740 381 808 Insula,
393 740 558 793 inexhaustis
571 739 719 808 Chalybum
730 758 855 808 generosa
866 740 990 793 metallis

279 809 390 876 Tertius,
403 810 448 862 ille
460 810 597 862 hominum
610 811 754 878 divumque
766 810 895 878 interpres
907 810 1011 878 Asylas,

281 879 330 932 Cui
342 879 473 948 pecudum
484 879 564 946 fibros,
577 879 635 932 coeli
648 880 691 932 cui
704 880 789 932 sideru
801 886 902 948 parent,

256 1011 259 1014 .
282 948 318 999 Et
330 949 428 1016 linguae
441 948 585 1016 volucrum,
598 955 625 1001 et
637 949 749 1017 praesagi
762 948 881 1000 fulminis
894 949 977 1016 ignes,

280 1017 356 1069 Mille
368 1017 439 1086 rapit
451 1017 544 1069 densos
556 1019 612 1070 acie
625 1025 706 1086 atque
718 1017 885 1070 horrentibus
897 1017 989 1072 hastis.

281 1085 338 1138 Hos
350 1104 440 1155 parere
449 1086 545 1154 jubent
557 1087 667 1155 Alpheas
679 1087 713 1139 ab
725 1088 826 1154 origine
839 1086 915 1154 Pisae,

282 1155 350 1207 Urbs
362 1156 473 1207 Etrusca
486 1156 545 1208 solo.
582 1156 707 1224 Sequitur
720 1156 913 1224 pulcherrimus
924 1155 1017 1224 Astur,
1082 1160 1134 1210 180

282 1225 365 1277 Astur
377 1223 443 1292 equo
454 1225 537 1277 fidens
550 1231 577 1277 et
589 1224 787 1278 versicoloribus
799 1227 886 1279 armis.

283 1294 439 1346 Tercentum
451 1295 589 1362 adjiciunt,
602 1313 676 1347 mens
689 1294 811 1347 omnibus
821 1312 877 1348 una
889 1294 1026 1364 sequendi,

284 1363 335 1427 Qui
348 1364 446 1416 Caerete
459 1363 542 1431 domo,
556 1365 601 1432 qui
614 1371 676 1417 sunt
689 1364 815 1416 Minionis
828 1364 857 1416 in
869 1366 947 1432 arvis,

283 1432 319 1485 Et
330 1433 411 1501 Pyrgi
423 1437 532 1500 veteres,
545 1434 762 1502 intempestaeque
775 1435 913 1487 Crariseae.

317 1502 343 1553 N
344 1520 377 1554 011
390 1519 437 1568 ego
450 1508 484 1568 te,
497 1502 625 1570 Ligurum
637 1503 732 1555 ductor
742 1504 884 1555 fortissime
895 1503 974 1571 bello,

283 1570 448 1636 Transierim,
462 1571 565 1640 Cinyra,
578 1579 605 1624 et
617 1573 709 1642 paucis
721 1573 845 1625 comitate
858 1573 975 1643 Cupavo,

285 1641 365 1708 Cujus
378 1640 483 1692 olorinae
496 1649 609 1709 surgunt
622 1642 654 1694 de
666 1643 765 1694 vertice
777 1659 887 1711 pennae:

285 1711 387 1762 Crimen
399 1727 472 1762 amor
483 1717 607 1778 vestrum,
621 1712 763 1779 formaeque
775 1712 879 1779 insigne
891 1717 1018 1779 paternae.

284 1779 404 1848 Namque
416 1779 513 1846 ferunt,
526 1780 603 1832 luctu
616 1781 735 1848 Cycnum
747 1780 923 1833 Phaethontis
935 1782 1029 1851 amati,

284 1847 413 1917 Populeas
426 1849 494 1902 inter
506 1850 611 1902 frondes
623 1851 796 1917 umbramque
809 1867 925 1902 sororum
1082 1853 1134 1903 190

284 1918 355 1970 Dum
368 1918 446 1985 canit,
460 1926 487 1971 et
498 1926 620 1972 maestum
632 1919 711 1971 Musa
723 1920 823 1971 solatum
833 1937 956 1988 amorem,

285 1989 429 2040 Canentem
440 1988 513 2040 molli
526 1989 618 2057 pluma
630 1989 738 2041 duxisse
750 1996 894 2056 senectam,

285 2057 461 2125 Linquentem
473 2065 562 2125 terras,
575 2065 602 2110 et
615 2058 699 2110 sidera
711 2075 774 2110 voce
787 2064 947 2125 sequentem.

285 2126 378 2194 Filius,
391 2127 503 2195 aequales
516 2129 657 2179 comitatus
670 2127 751 2179 classe
764 2134 888 2192 catervas,

286 2196 425 2263 Ingentem
437 2197 515 2249 remis
528 2197 689 2249 Centaurum
701 2203 837 2266 promovet
847 2216 854 2262 ;
872 2197 918 2249 illc

286 2265 373 2317 Instat
386 2284 469 2334 aquae,
482 2284 627 2334 saxumque
639 2267 719 2318 undis
731 2266 846 2318 immane
857 2267 977 2319 minatur

288 2335 400 2401 Arduus,
413 2342 439 2386 et
452 2336 530 2403 longa
543 2335 628 2386 sulcat
640 2336 724 2388 maria
736 2335 791 2387 alta
804 2337 900 2389 carina.

322 2405 371 2456 Ille
384 2405 464 2456 etiam
476 2405 569 2472 patriis
582 2422 676 2471 agmen
690 2406 742 2457 ciet
754 2405 843 2457 Ocnus
854 2405 888 2457 ab
901 2404 960 2472 oris,

287 2473 415 2525 Fatidieue
427 2473 536 2526 Mantus
550 2480 576 2526 et
589 2475 667 2525 Tusci
680 2474 751 2526 filius
763 2475 855 2541 amnis,

288 2544 339 2605 Qui
351 2561 438 2594 muros
450 2544 593 2611 matrisque
606 2544 680 2596 dedit
692 2544 749 2610 tibi,
762 2544 883 2608 Mantua,
895 2561 1038 2608 nomem-
1084 2545 1132 2597 200

288 2612 407 2676 Mantua,
420 2612 492 2664 dives
504 2614 576 2665 avis:
595 2613 639 2664 sed
652 2630 705 2664 non
717 2630 801 2680 genus
813 2611 933 2665 omnibus
945 2630 1040 2669 unum.

282 2682 353 2735 Gens
364 2681 406 2736 1111
421 2682 527 2756 triplex,
539 2682 632 2753 populi
644 2683 691 2733 sub
704 2689 782 2750 gente
795 2682 933 2750 quaterni:

273 2753 337 2825 [psa
351 2764 438 2830 caput
451 2756 580 2831 populis:
596 2755 685 2810 'lusco
697 2752 732 2804 de
741 2752 954 2828 sanguineum

257 2825 342 2888 Hinc
357 2848 475 2908 quoque
489 2832 664 2908 quingentos
673 2825 706 2879 in
716 2820 909 2877 sebtemntxus
916 2821 1015 2880 mla
