2700 3242
608 309 731 364 coiux

244 413 368 466 Attalicis
380 413 473 481 opibus
485 413 549 464 data
561 411 674 476 vellera3
693 411 716 463 si
727 410 798 464 nitor
809 410 868 464 auri

245 483 301 536 Sub
313 483 436 552 laqueare
448 482 540 533 domus
552 481 670 534 animum
682 498 735 533 non
748 481 836 548 tangit
848 497 977 547 avarum3

244 552 412 620 Picturaeque
425 552 511 617 decus,
523 550 643 618 lapidum
655 567 704 602 nec
716 550 805 617 fulgor
815 551 844 601 in
856 550 913 602 ulla

246 622 373 688 cognitus
387 620 503 672 utilitate
515 626 606 672 manet
613 639 620 683 ;
638 637 687 671 nec
699 620 795 688 pocula
805 626 912 686 gratum

243 689 352 742 Alconis
363 690 478 741 referent
490 689 610 756 Boetique
622 694 756 752 toreuma;
773 705 822 740 nec
836 689 898 740 Indi

246 759 366 812 Conchea
377 759 458 811 bacca
468 759 548 810 maris
560 758 644 827 pretio
657 763 710 810 est:
728 764 757 810 at
768 762 873 826 pectore
884 774 951 826 puro

244 827 320 897 Saepe
333 845 410 896 super
422 833 511 880 tenero
523 827 665 896 prosternit
677 827 796 894 gramine
808 844 916 895 corpus;

244 897 352 949 Florida
365 914 448 964 quum
460 897 539 949 tellus
551 902 715 964 gemmantes
727 897 799 964 picta
810 914 858 965 per
869 896 962 948 herbas

244 965 313 1018 Vere
325 972 401 1018 notat
414 965 486 1018 dulci
498 966 624 1017 distincta
636 965 764 1017 coloribus
776 982 855 1028 arva3
1056 965 1090 1017 70

245 1035 335 1102 Atque
347 1035 431 1101 illum,
444 1035 545 1087 calamo
558 1035 650 1086 laetum
661 1035 795 1087 recinente
807 1035 927 1104 palustri,

245 1104 360 1173 Otiaque
371 1105 472 1158 invidia
485 1105 624 1172 degentem
636 1120 667 1156 ac
679 1104 772 1156 fraude
784 1111 891 1170 remota,

247 1173 446 1242 Pollentemque
459 1173 515 1240 sibi,
528 1173 608 1225 viridi
621 1190 705 1241 quum
717 1173 827 1241 palmite
838 1173 933 1226 ludens

244 1242 347 1295 Tmolia
358 1243 498 1312 pampineo
510 1242 600 1294 subter
612 1259 687 1295 coma
698 1243 769 1296 velat
781 1243 887 1295 amictu

245 1311 291 1364 Illi
304 1318 367 1364 sunt
378 1320 461 1380 gratae
472 1318 590 1364 rorantes
602 1312 671 1363 lacte
684 1311 798 1379 capella,

244 1381 281 1433 Et
292 1399 393 1449 nemus,
405 1387 432 1433 et
443 1381 557 1433 fecunda
570 1380 653 1446 Pales,
667 1386 694 1432 et
706 1381 819 1433 vallibus
831 1380 891 1432 imis

244 1449 352 1519 Semper
364 1468 445 1519 opaca
456 1451 531 1503 novis
543 1450 680 1502 manantia
692 1449 809 1502 fontibus
821 1455 905 1502 antra.

246 1519 311 1582 Quis
322 1521 407 1588 magis
419 1525 510 1588 optato
522 1525 603 1587 queat
615 1537 669 1571 esse
681 1519 782 1571 beatior
794 1536 857 1586 aevo,

245 1589 331 1652 Quam
344 1589 390 1657 qui
401 1594 490 1641 mente
502 1589 593 1657 procul
606 1605 673 1657 pura
685 1605 814 1656 sensuque
826 1587 960 1656 probando

244 1657 271 1710 N
272 1676 305 1711 on
318 1659 409 1711 avidas
421 1659 530 1725 agnovit
542 1675 617 1726 opes;
634 1670 689 1710 non
700 1658 788 1710 tristia
799 1657 876 1726 bella,
1056 1660 1089 1710 80

244 1726 301 1780 Nec
312 1728 419 1780 funesta
430 1728 508 1780 timet
519 1727 614 1780 validae
627 1727 772 1780 certamina
784 1727 888 1792 classis;

244 1795 271 1848 N
272 1815 313 1864 on,
326 1797 415 1865 spoliis
427 1796 491 1848 dum
503 1802 594 1849 sancta
606 1797 686 1848 deum
697 1797 861 1864 fulgentibus
873 1801 948 1850 omet

244 1865 355 1934 'l'empla
367 1864 409 1919 vel
421 1871 527 1919 evectus
539 1866 619 1918 finem
631 1867 801 1919 transcendat
812 1866 934 1934 habendi,

244 1935 393 1987 Adversum
405 1934 480 1988 saevis
492 1936 562 1988 ultro
575 1942 656 2003 caput
668 1935 787 1987 hostibus
800 1936 882 1988 offert.

245 2004 291 2056 Illi
303 2004 371 2057 falce
383 2005 447 2056 deus
460 2005 562 2070 colitur,
575 2022 628 2056 non
640 2010 698 2056 arte
710 2005 809 2072 politus
816 2022 824 2068 ;

245 2073 296 2126 Ille
309 2073 372 2125 colit
383 2073 456 2126 lucos
463 2092 471 2138 ;
488 2073 530 2126 illi
542 2073 679 2126 Panchaia
691 2074 779 2141 thura,

245 2140 366 2195 Floribus
378 2149 493 2210 agrestes
505 2143 592 2194 herbae
603 2142 768 2195 variantibus
780 2141 877 2194 adsunt
887 2160 894 2205 ;

245 2211 292 2264 Illi
303 2211 389 2263 dulcis
400 2212 475 2264 adest
486 2212 589 2280 requies
602 2218 629 2263 et
641 2230 709 2281 pura
720 2210 850 2279 voluptas,

244 2280 340 2333 Libera
352 2281 515 2350 simplicibus
528 2281 610 2334 curis:
628 2281 681 2333 huc
693 2281 822 2347 imminet,
835 2297 924 2332 omnes

245 2349 346 2417 Dirigit
358 2350 411 2402 huc
423 2367 521 2418 sensus,
532 2350 590 2402 haec
602 2367 666 2403 cura
678 2357 718 2402 est
730 2349 837 2401 subdita
849 2349 928 2416 cordi,
1056 2351 1091 2402 90

245 2418 370 2482 Quolibet
381 2425 413 2471 ut
424 2421 514 2487 requie
526 2420 600 2473 victu
612 2425 752 2471 contentus
764 2419 889 2485 abundet,

245 2489 266 2541 J
267 2489 426 2556 ucundoque
438 2489 504 2556 liget
516 2489 671 2556 languentia
684 2506 792 2556 corpora
804 2505 900 2541 somno.

244 2558 267 2610 Ο
280 2558 401 2625 pecudes,
414 2575 429 2609 o
442 2558 534 2624 Panes,
547 2564 574 2609 et
586 2575 600 2610 o
612 2558 763 2625 gratissima
775 2558 872 2625 Tempe

243 2626 337 2680 Fontis
350 2627 574 2695 Hamadryadum,
588 2644 699 2695 quarum
711 2643 764 2678 non
776 2626 858 2680 divite
870 2625 946 2680 cultu

244 2695 369 2750 AEmulus
380 2696 484 2748 Ascraeo
496 2702 585 2764 pastor
597 2697 647 2748 sibi
659 2697 770 2765 quisque
782 2697 868 2764 po'etae

246 2768 371 2822 Securam
383 2764 487 2833 placido
499 2765 616 2818 traducit
647 2774 734 2819 actore
745 2766 842 2820 uitam.

244 2833 354 2888 Talibus
362 2834 393 2886 r'n
404 2834 501 2889 studiis
514 2834 611 2894 baculo
624 2784 695 2894 dum
704 2837 794 2893 nixus
803 2834 916 2904 apricas
