2700 3242
266 294 319 344 204
496 289 525 344 P.
544 288 703 344 VIRGILII
722 289 884 343 MARONIS
961 316 963 320 ·

266 391 431 458 Cocytusque
443 389 503 442 sinu
514 389 605 442 labens
618 389 791 442 circumvenit
803 397 867 442 utro.

268 459 344 523 Quod
356 460 378 511 si
390 464 482 512 tantus
494 477 567 511 umor
579 459 671 525 monti,
684 459 706 510 si
718 464 796 511 tanto
807 459 903 527 cupido
916 475 954 512 est

266 528 313 581 Bis
325 528 430 596 Stygios
441 529 534 580 innare
546 528 627 594 lacus,
639 528 680 580 bis
692 528 769 594 nigra
780 528 869 580 videre

267 597 385 665 Tartaru,
397 605 425 651 et
436 599 528 650 insano
536 599 616 665 juvat
628 597 766 664 indulgere
775 597 858 649 labori
868 616 875 661 ;

267 666 373 735 Accipe,
386 683 446 734 qnae
459 666 608 734 peragenda
620 667 700 734 prius.
730 667 809 719 Latet
820 666 911 720 arbore
922 684 1006 736 opaco

269 736 371 789 Aureus
384 742 410 788 et
422 736 492 788 foliis
505 742 532 787 et
543 735 615 787 lento
629 736 727 786 vimine
739 753 835 802 ramus,

268 803 288 858 J
289 805 372 858 unoni
383 806 492 857 infernae
505 805 592 856 dictus
605 821 692 856 sacer:
711 805 783 856 hunc
797 806 864 872 tegit
876 805 961 857 omnis

268 873 363 941 Lucus,
376 880 403 927 et
415 873 530 927 obscuris
543 873 672 925 claudunt
685 874 848 926 convallibus
859 875 967 928 umbrae.

268 943 321 996 Sed
332 961 386 996 non
398 950 461 996 ente
473 943 553 994 datur
564 943 668 994 telluris
681 951 772 1011 operta
784 943 879 1010 subire,
1066 947 1117 996 140

268 1012 422 1065 Auricomos
433 1029 514 1080 quum
527 1011 572 1078 qui
585 1012 743 1080 decerpserit
755 1013 845 1064 arbore
857 1014 935 1067 fetus

269 1080 328 1134 Hoc
340 1082 390 1134 sibi
401 1081 514 1151 pulchra
527 1098 605 1132 suum
617 1081 681 1133 ferri
693 1082 850 1150 Proserpina
860 1100 958 1135 munus

269 1151 400 1204 Instituit.
436 1151 524 1202 Primo
537 1150 628 1203 avulso
640 1168 694 1202 non
706 1151 796 1203 deficit
807 1151 875 1204 alter

269 1220 373 1274 Aureus
388 1239 395 1284 3
413 1225 441 1273 et
453 1219 534 1272 simili
545 1220 689 1272 frondescit
701 1221 776 1287 virga
787 1221 902 1274 metello.

270 1289 341 1358 Ergo
352 1289 407 1342 ulte
419 1289 522 1357 vestigo
534 1290 623 1356 oculis,
636 1295 663 1341 et
675 1291 726 1342 rite
739 1296 874 1358 repertum

271 1359 354 1428 Carpe
365 1375 464 1412 monn:
482 1376 596 1427 namque
608 1359 664 1427 ipse
677 1359 766 1411 volens
778 1359 916 1428 facilisque
929 1366 1063 1429 sequetur,

270 1428 300 1481 si
312 1435 339 1480 te
350 1430 407 1482 futu
419 1434 532 1481 vocant:
551 1429 634 1494 aliter,
647 1446 701 1480 non
713 1428 813 1480 viribus
825 1429 887 1482 ullis

271 1498 391 1564 Vincere,
404 1515 453 1550 nec
465 1497 530 1550 duro
543 1498 640 1566 poteris
652 1497 798 1550 convellere
809 1498 885 1551 ferro.

272 1567 403 1620 Praetereu
411 1570 484 1635 jacet
496 1567 648 1619 exanimum
660 1567 711 1619 tibi
722 1584 816 1634 corpus
828 1569 914 1633 amici,

272 1636 335 1689 Heu
347 1637 430 1689 nescis
443 1640 449 1690 !
469 1641 605 1703 totumque
617 1637 732 1688 incestat
743 1637 836 1688 funere
848 1637 957 1690 classem
967 1656 974 1701 ;
1069 1640 1120 1690 150

272 1707 344 1759 Dum
356 1706 476 1758 consulta
487 1706 562 1773 petis,
575 1712 715 1773 nostroque
726 1706 755 1757 in
767 1705 858 1758 limine
870 1708 975 1776 pendes.

272 1775 383 1829 Sedibus
396 1775 467 1826 hunc
478 1775 547 1826 refer
558 1781 621 1827 unte
633 1775 694 1841 suis,
708 1781 735 1826 et
747 1776 828 1827 conde
841 1778 966 1844 sepulcro.

272 1845 332 1897 Duc
345 1845 434 1912 nigros
447 1844 559 1912 pecudes
571 1862 578 1908 ;
596 1861 627 1896 eu
638 1844 725 1912 primu
736 1845 842 1912 piacula
854 1853 939 1899 sunto.

274 1911 317 1969 Sic
329 1913 435 1965 demum
447 1913 519 1965 lucos
532 1914 643 1982 Stygios,
655 1931 738 1981 regnu
749 1915 823 1966 invia
834 1915 909 1982 vivis,

276 1978 416 2050 Aspicies.''
451 1979 535 2046 Dixit,
547 1999 685 2050 pressoque
698 1982 830 2034 obmutuit
843 1999 893 2033 ore.

309 2050 405 2100 AEneos
417 2054 508 2101 maesto
520 2048 622 2101 defixus
634 2050 737 2101 lumina
748 2050 827 2102 vultu

275 2117 436 2186 Ingreditur,
447 2117 569 2186 linquens
581 2124 690 2170 antrum
702 2138 709 2182 ;
727 2136 858 2188 caecosquo
871 2121 975 2174 volutat

275 2187 394 2241 Eventus
406 2187 493 2240 animo
506 2204 601 2240 secum
637 2187 687 2240 cui
699 2188 768 2240 fidus
780 2189 894 2243 Achates

275 2258 304 2309 It
316 2274 409 2322 comes,
422 2261 449 2309 et
461 2257 568 2326 paribus
581 2257 650 2310 curis
662 2258 776 2325 vestigia
787 2259 854 2326 figit.

276 2326 365 2379 Multa
377 2326 447 2377 inter
458 2343 513 2378 sese
525 2327 597 2378 vario
610 2345 727 2379 sermone
739 2327 859 2381 serebant
870 2349 876 2391 ;
1069 2332 1121 2382 160

278 2396 362 2460 Quem
374 2395 474 2447 socium
486 2397 634 2448 exanimem
646 2403 727 2463 vates,
741 2398 811 2464 quod
823 2415 916 2467 corpus
928 2399 1096 2451 humandum

277 2465 390 2517 Diceret.
426 2464 514 2530 Atque
525 2465 566 2516 illi
578 2466 712 2518 Misenum
724 2467 752 2517 in
765 2467 841 2519 litore
854 2469 928 2532 sicco,

277 2535 316 2587 Ut
327 2551 428 2600 venere,
440 2533 532 2586 vident
544 2534 654 2603 indigna
665 2542 750 2588 morte
762 2544 953 2604 peremtum,-

278 2603 411 2656 Misenum
423 2603 560 2655 AEoliden:
579 2622 630 2672 quo
642 2623 696 2658 non
708 2607 874 2673 praestcntior
885 2607 954 2659 alter

275 2674 340 2726 AEre
352 2673 420 2724 ciere
432 2672 506 2739 viros,
520 2672 685 2742 Martemque
697 2675 837 2727 accendere
850 2683 938 2729 contu.

262 2742 394 2796 Hectoris
403 2741 452 2796 lu‘c
462 2743 556 2816 magni
568 2743 658 2801 fueret
671 2761 776 2809 comes,
791 2745 907 2799 Hectore
918 2746 1018 2798 circum

246 2810 289 2865 Et
297 2811 374 2870 lituo
381 2834 501 2890 pugnas
513 2818 633 2895 insignis
645 2818 741 2879 obibat
753 2817 882 2872 struo„
