2700 3242
244 259 295 309 216
472 257 501 310 P.
522 258 679 311 VIRGlLII
698 258 862 313 Maronis

243 361 294 413 Sed
307 378 349 413 me
361 378 444 429 quum
456 360 524 413 lueis
537 362 638 415 lleeate
650 362 769 431 profecit
781 363 900 430 Auernis,

244 428 306 497 ipsa
319 431 397 481 deum
410 449 500 498 poenas
513 432 609 491 docuit,
623 450 721 499 perque
734 433 822 484 omnia
834 433 921 485 duxit.

244 499 356 551 Gnosius
368 500 425 551 haee
438 501 657 552 Rhadamanthus
669 501 751 553 habet
763 502 903 554 durissima
915 520 1008 570 regna,

244 569 414 637 Castigatque
427 570 554 638 auditque
566 570 653 631 dolos;
672 571 824 639 subigitque
837 571 923 639 fateri,

245 638 308 701 Qum
321 639 378 706 quis
391 640 463 707 apud
476 657 588 708 superos,
601 640 673 692 furto
686 640 792 692 laetatus
805 640 887 706 inani,

243 706 356 759 Distulit
369 708 397 760 in
410 726 493 760 seram
505 710 642 760 commissa
655 710 761 776 piacula
772 715 890 762 mortem.

244 777 374 829 Continuo
387 784 473 830 sontes
486 778 570 830 ultrix
582 779 701 830 accincta
713 778 817 846 flagello
1042 782 1092 835 ott

242 845 384 916 Tisiphone
397 849 484 916 quatit
497 848 634 914 insultans,
647 855 786 916 torvosque
798 847 905 900 sinistra

244 916 384 968 intentans
396 935 503 985 angues,
516 924 593 969 vocat
605 918 713 985 agmina
725 935 793 969 saeva
806 934 929 970 sororum.

243 985 312 1037 Tum
325 987 431 1038 demum
443 987 577 1039 horrisono
590 988 730 1038 stridentes
743 987 849 1039 nardino
862 1003 942 1038 sacrae

245 1054 403 1107 l'anduntur
415 1062 505 1124 portae.
536 1057 633 1123 Cernis,
646 1056 765 1107 custodia
778 1056 863 1123 qualis

245 1124 380 1177 Vestibulo
393 1126 499 1179 sedeat?
517 1126 598 1178 facies
611 1143 667 1193 qua
680 1126 773 1177 limina
786 1125 888 1178 servetl

244 1194 443 1262 Quinquaginta
455 1196 520 1248 atris
532 1195 654 1247 immanis
667 1195 784 1246 hiatibus
797 1195 891 1262 Hydra

243 1264 343 1316 Saevior
355 1265 428 1316 intus
440 1265 521 1317 habet
534 1265 628 1318 sedem.
659 1265 727 1316 Tum
740 1265 865 1316 Tartarus
876 1264 933 1333 ipse

241 1333 288 1385 Bis
300 1340 374 1402 patet
387 1335 415 1385 in
427 1352 540 1403 praeeeps
553 1341 660 1386 tantum
672 1334 811 1401 tenditque
824 1333 872 1385 sub
884 1333 1000 1400 umbras,

243 1406 364 1466 Quantus
377 1405 410 1455 ad
424 1405 561 1456 aetherium
574 1405 633 1456 eoeli
646 1410 782 1472 suspectus
796 1403 945 1472 Olympum.

243 1473 295 1524 llie
308 1491 390 1540 genus
403 1475 543 1542 antiquum
553 1475 646 1539 Terrae,
659 1473 766 1525 Titania
778 1472 867 1541 pubes,
1040 1474 1092 1527 680

243 1543 365 1594 Fulmine
378 1544 480 1610 dejecti,
493 1544 576 1595 fundo
589 1544 733 1596 volvuntur
745 1542 773 1593 in
786 1542 854 1595 imo:

243 1612 295 1664 Hie
309 1619 335 1664 et
347 1614 456 1664 Aloidas
469 1614 593 1680 geminos,
606 1613 733 1664 immania
746 1612 801 1663 vidi

244 1682 371 1750 Corpora:
390 1683 436 1750 qui
449 1683 570 1735 manibus
582 1700 710 1750 magnum
722 1681 868 1733 rescindere
881 1681 978 1733 eoelum

241 1751 373 1833 Aggressi‚
386 1753 537 1820 superisque
550 1754 569 1805 J
570 1771 645 1804 ovem
657 1751 798 1803 detrudere
810 1752 905 1818 regnis.

242 1821 305 1873 Vidi
318 1827 344 1873 et
357 1822 474 1873 crudeles
488 1822 595 1874 dantem
608 1822 747 1874 Salmonea
759 1838 857 1889 poenas,

240 1884 312 1942 Dum
325 1891 443 1942 flammas
456 1892 475 1943 J
476 1892 531 1943 ovis
544 1899 571 1943 et
583 1892 684 1944 sonitus
697 1891 822 1942 imitatur
835 1889 949 1958 Olympi.

240 1956 361 2015 Duatuor
374 1961 417 2012 hic
430 1961 550 2013 invectus
563 1962 635 2029 equis
648 1967 675 2013 et
688 1960 812 2028 lampada
825 1976 959 2027 quassans,

245 2030 292 2083 Per
305 2031 414 2082 Graium
427 2031 535 2098 populos
547 2031 693 2099 mediaeque
706 2048 753 2098 per
765 2029 849 2081 Elidis
861 2029 955 2081 urbem

244 2100 302 2152 lbat
315 2118 402 2167 orans,
416 2101 560 2168 divumque
573 2101 622 2151 sibi
635 2099 758 2168 poscebat
771 2099 902 2165 honorem,

241 2169 367 2224 Demens!
388 2171 434 2238 qui
445 2170 547 2222 nimbos
560 2176 587 2221 et
599 2187 651 2221 non
664 2169 793 2220 imitabile
805 2169 907 2220 fulmen
1039 2170 1093 2222 690

241 2239 304 2291 AEre
317 2248 343 2292 et
356 2241 525 2308 cornipedum
538 2240 618 2308 pulsu
630 2239 768 2291 simularat
780 2255 914 2306 equorum.

241 2309 277 2360 At
290 2317 365 2377 pater
377 2310 541 2377 omnipotens
554 2311 635 2361 densa
647 2310 718 2360 inter
729 2307 822 2359 nubila
835 2308 920 2359 telum

241 2379 388 2442 Contorsit;
406 2397 459 2431 non
472 2379 517 2431 ille
529 2380 606 2445 faces,
620 2396 668 2430 nee
681 2378 771 2429 fumea
783 2377 858 2428 tardis

241 2448 368 2512 Lumina3
387 2449 601 2516 praeeipitemque
613 2448 724 2499 immani
737 2447 843 2498 turbine
855 2444 952 2513 adegit.

242 2517 295 2569 Nee
308 2536 360 2569 non
373 2526 399 2570 et
412 2518 516 2586 Tityon,
530 2519 614 2569 Terrae
627 2517 816 2584 omniparentis
829 2516 975 2583 alumnum,

240 2587 349 2638 Cernere
363 2593 425 2653 erat,
439 2606 485 2655 per
498 2594 553 2640 tota
566 2605 659 2639 novem
672 2587 716 2638 eui
725 2589 821 2654 jugera
833 2602 927 2653 corpus

243 2656 404 2724 Porrigitur;
422 2665 557 2725 rostroque
569 2657 693 2708 immanis
707 2655 798 2707 vultur
810 2654 912 2706 obunco

234 2725 390 2780 lmmortale
395 2727 478 2797 jecur
491 2726 610 2797 tondens,
622 2725 789 2793 secundaque
800 2724 884 2793 pennis

223 2794 334 2869 Vrseera,
347 2799 524 2876 rimaturque
537 2802 637 2876 epulis,
649 2798 813 2859 habitatque
824 2793 874 2845 sub
885 2792 942 2844 alto
