2700 3242
502 295 704 350 GEORGICON
723 297 792 350 ΜΒ.
812 295 872 350 IL,
1071 301 1105 349 bb

251 398 339 467 Atque
351 401 439 450 metus
447 414 540 450 omnes
552 401 580 449 et
591 397 753 449 inexorabile
764 398 852 450 fatum

251 467 369 535 Subjecit
381 466 494 536 pedibus
506 465 699 535 strepitumque
711 466 869 519 Acherontis
880 467 970 520 arari!

251 536 415 588 Fortunatus
427 542 454 588 et
466 535 519 601 ille,
532 535 592 586 deos
604 535 650 602 qui
662 536 737 587 novit
750 542 865 603 agrestes

251 605 376 673 Panaque
389 604 578 671 Silvanumque
591 621 680 656 senem
692 604 882 672 Nymphasque
894 607 1009 658 sorores*

252 674 335 726 Illum
347 691 401 725 non
413 673 505 741 populi
517 673 607 740 fasces,
619 690 673 724 non
685 691 805 741 purpura
816 690 910 741 regum

252 743 349 810 Flexit,
363 749 390 794 et
403 742 497 793 infidos
509 741 613 809 agitans
626 742 756 794 discordia
768 742 881 807 fratres;

252 812 307 864 Aut
319 814 457 879 conjurato
469 811 628 863 descendens
641 811 729 863 Dacus
741 810 776 863 ab
788 812 898 875 Histro;

251 880 311 933 Non
322 898 364 932 res
377 881 501 932 Romanae
513 879 683 948 perituraque
695 897 794 947 regna3
812 898 897 950 neque
909 880 956 933 ille

252 950 307 1002 Aut
319 949 407 1002 doluit
418 949 543 1001 miserans
555 950 660 1017 inopem
672 956 721 1001 aut
732 950 830 1002 invidit
843 950 961 1003 habenti.

254 1018 322 1082 Quos
334 1019 403 1070 rami
415 1019 526 1086 fructus,
538 1035 603 1086 quos
616 1019 674 1086 ipsa
686 1018 876 1072 volentiamra
1050 1021 1103 1072 500

253 1087 351 1156 Sponte
363 1087 448 1139 tulere
461 1103 516 1154 sua,
529 1087 627 1155 carpsit
634 1105 642 1151 ;
659 1104 708 1141 nec
720 1089 804 1140 ferrea
812 1090 876 1156 jura

253 1156 433 1224 Insanumque
444 1156 531 1207 forum
543 1163 590 1208 aut
602 1156 694 1225 populi
706 1157 839 1210 tabularia
852 1158 928 1210 vidit

253 1225 403 1277 sollicitant
415 1225 462 1277 alii
472 1224 550 1277 remis
562 1226 631 1278 freta
643 1242 719 1292 caeca,
732 1233 867 1294 ruuntque

253 1293 285 1346 In
297 1295 407 1360 senum,
417 1300 557 1362 penetrant
569 1294 644 1346 aulas
656 1300 684 1346 et
695 1294 789 1347 limina
800 1312 893 1361 regum
904 1313 911 1358 ;

253 1362 306 1414 Hic
317 1363 387 1430 petit
399 1362 508 1416 excidiis
519 1363 612 1415 urbem
623 1363 782 1431 miserosque
794 1370 911 1431 penates,

254 1432 290 1484 Ut
302 1448 408 1499 gemma
421 1431 501 1499 bibat,
514 1438 541 1483 et
553 1431 665 1485 Sarrano
677 1433 791 1485 dormiat
802 1438 890 1497 ostro;

253 1500 350 1552 condit
362 1518 422 1569 opes
435 1501 510 1567 alius,
522 1501 675 1569 defossoque
687 1501 797 1554 incubat
808 1518 888 1565 auro;

253 1569 306 1622 Hic
319 1576 410 1638 stupet
421 1570 552 1622 attonitus
563 1570 670 1634 rostris;
689 1571 760 1622 hunc
773 1570 881 1639 plausus
894 1570 1013 1624 hiantem

253 1637 304 1691 Per
316 1655 412 1699 cameos
424 1639 572 1706 geminatus
585 1639 655 1690 enim
667 1638 803 1707 plebisque
815 1646 974 1708 patrumque

254 1696 404 1776 Corripriit3
421 1708 540 1775 gaudent
552 1708 652 1776 perfusi
664 1709 791 1775 sanguine
804 1710 926 1776 fratrum,
1051 1711 1102 1761 610

253 1776 406 1845 Exsilioque
418 1777 507 1828 domos
519 1783 547 1829 et
559 1777 647 1829 dulcia
659 1777 752 1829 limina
763 1784 877 1844 mutant,
925 1779 928 1784 “

253 1846 343 1914 Atque
354 1845 407 1898 alio
418 1846 533 1914 patriam
546 1852 669 1914 quaerunt
682 1845 731 1898 sub
743 1846 796 1898 sole
804 1849 946 1914 jacentem

253 1914 378 1983 Agricola
389 1915 498 1966 incurro
511 1920 608 1966 terram
620 1915 732 1967 dimovit
743 1922 830 1968 aratro
841 1933 847 1968 :

254 1983 326 2036 Hinc
338 1984 403 2035 anni
414 1982 487 2036 labor
497 2001 505 2046 ;
522 1983 585 2035 hinc
596 1985 711 2052 patriam
723 2001 869 2052 parvosque
881 1990 989 2052 nepotes

254 2051 374 2105 Sustinet
384 2071 392 2116 ;
409 2052 472 2104 hinc
484 2059 603 2104 armenta
614 2053 695 2104 boum
706 2054 864 2121 meritosque
873 2055 1008 2120 juvencos.

253 2121 309 2174 Nec
320 2122 432 2189 requies,
444 2122 509 2189 quin
520 2127 569 2174 aut
581 2122 664 2189 pomis
677 2123 803 2174 exuberet
815 2139 908 2188 annus,

254 2190 310 2243 Aut
322 2190 380 2242 fetu
393 2207 523 2258 pecorum,
535 2197 584 2243 aut
596 2191 708 2243 cerealis
719 2192 831 2258 mergite
844 2191 933 2257 culmi,

254 2257 441 2326 Proventuque
453 2266 542 2311 oneret
555 2258 647 2325 sulcos,
659 2266 740 2327 atque
752 2260 844 2311 horrea
856 2259 953 2311 vincat.

255 2326 337 2380 Venit
349 2327 448 2379 hiems:
467 2327 562 2379 teritur
575 2328 697 2395 Sicyonia
708 2329 789 2380 bacca
801 2328 911 2394 trapetis
921 2346 928 2389 ;

204 2461 205 2468 ἵ
256 2397 357 2449 Glande
369 2413 428 2448 aues
440 2395 496 2448 laeti
508 2397 637 2460 redeunt;
655 2398 722 2449 dant
734 2398 828 2448 arbuta
842 2396 914 2448 silves
926 2415 933 2458 ς
1050 2398 1102 2447 tao

255 2465 290 2517 Et
302 2465 388 2517 varios
400 2466 476 2533 ponit
487 2465 558 2517 fetus
570 2472 736 2532 auctumnus,
750 2472 777 2517 et
789 2466 843 2517 alte

255 2532 330 2586 Mitis
342 2534 371 2585 in
383 2534 478 2602 apricis
491 2535 612 2602 coquitur
624 2535 757 2586 vindemia
769 2535 846 2587 saxis.

257 2602 361 2655 Interea
374 2603 463 2654 dulces
474 2605 591 2671 pendent
603 2604 703 2655 circum
716 2604 804 2654 oscula
816 2603 890 2666 nati;

257 2672 334 2724 Casta
345 2671 503 2740 pudicitiam
515 2678 602 2724 servat
613 2672 724 2735 domus;
741 2672 823 2723 ubera
835 2687 920 2723 vaccas

257 2740 353 2794 lactea
366 2741 528 2793 demittunt:
542 2741 709 2812 pinguesque
721 2743 752 2798 in
765 2743 889 2816 gramine
896 2742 966 2800 lato

250 2809 363 2858 Iamno
372 2807 488 2859 adversis
497 2809 641 2866 luctantur
654 2816 787 2875 comibus
798 2818 887 2877 haeffi,
