2700 3242
423 269 681 329 summum
715 269 929 356 Minoris

316 474 1039 565 GEORGICON

508 698 636 751 LIBER
659 698 841 753 TERTIUS.

252 932 290 986 Tr
303 951 416 1003 quoque,
427 953 524 1004 magne
536 936 620 1004 Peles,
633 941 660 989 et
672 941 700 988 te
711 936 877 988 memorande
889 952 1013 988 canemus

252 1001 345 1055 Pastor
357 1003 391 1056 ab
403 1004 551 1073 Amphryso
562 1024 569 1069 ς
587 1022 639 1073 vos,
652 1006 727 1057 silrae
739 1021 880 1072 amnesque
889 1005 983 1072 Irycaei.

253 1072 352 1138 Cetera,
365 1089 425 1141 quae
437 1090 534 1126 vacuus
546 1075 694 1127 tenuissent
706 1074 821 1126 carmine
832 1080 941 1139 mentes,

253 1139 349 1193 Omnia
357 1143 416 1208 jam
427 1143 544 1210 vulgatu
575 1143 639 1207 Quis
651 1149 700 1196 aut
711 1143 733 1194 E
785 1141 976 1207 sthenelum,

251 1208 308 1262 Aut
320 1210 446 1263 illaudati
457 1212 541 1264 nescit
552 1212 684 1264 Busiridis
696 1159 785 1263 arnhrl

252 1277 301 1330 Oui
313 1296 368 1331 non
381 1280 468 1332 dictus
481 1281 566 1348 Hylas
578 1298 651 1349 puer,
663 1287 692 1333 et
703 1279 816 1332 Iotonia
827 1277 912 1344 Delos,

252 1346 479 1417 Hippodameque,
492 1350 652 1418 humeroque
664 1349 758 1417 Pelops
770 1348 881 1416 insignis
893 1348 998 1415 eburno,

251 1416 320 1468 Acer
331 1417 426 1486 equis?
444 1419 581 1472 Tentandn
593 1420 637 1471 vio
648 1423 695 1484 est,
708 1435 761 1487 qua
772 1435 815 1469 me
826 1434 929 1486 quoque
940 1417 1036 1486 possim

251 1484 353 1538 'l'ollere
364 1487 453 1554 humo,
465 1488 600 1556 victorque
611 1487 700 1541 ririun
711 1487 821 1539 volitare
832 1504 880 1556 per
891 1503 941 1539 orn

252 1552 357 1607 Primus
369 1572 417 1623 ego
428 1556 458 1608 in
503 1559 583 1609 trium
593 1573 704 1622 mecum,
716 1557 793 1608 modo
804 1556 861 1608 vita
873 1555 992 1624 supersit,
1065 1557 1097 1606 10

251 1623 336 1676 Aonio
348 1625 451 1677 rediens
481 1625 592 1678 educam
603 1626 701 1678 vortice
713 1625 821 1689 Musas3

252 1690 357 1745 Primus
370 1694 501 1747 Idumaeas
512 1695 625 1747 referam
636 1695 694 1760 tibi,
707 1695 828 1762 Mantua,
840 1693 958 1761 ptlmas3

252 1759 287 1813 Et
299 1762 379 1814 viridi
391 1763 419 1814 in
432 1781 524 1832 compo
536 1763 665 1832 templum
678 1765 711 1815 de
723 1780 850 1814 marmore
862 1780 959 1830 ponam

251 1828 363 1900 Propter
374 1849 478 1900 aquam,
490 1833 573 1884 tardis
585 1834 678 1900 ingens
689 1832 737 1884 ubi
748 1831 859 1884 flexibus
871 1838 941 1884 errat

251 1898 368 1953 Mincius
380 1907 408 1953 et
419 1907 510 1954 tenera
522 1902 645 1970 praetexit
657 1901 786 1954 arundine
797 1901 874 1969 ripas.

252 1968 284 2020 In
296 1970 384 2022 medio
395 1971 463 2022 mihi
475 1971 560 2023 Oaesar
572 1971 629 2037 erit,
641 1970 822 2039 templumque
834 1969 941 2022 tenebit.

251 2037 296 2090 Illi
308 2039 395 2091 vietor
407 2056 454 2106 ego
466 2045 493 2092 et
505 2040 583 2108 Tyrio
596 2046 750 2108 conspectus
761 2040 790 2091 in
802 2044 871 2091 ostro

251 2107 366 2160 centum
378 2108 547 2177 quadrijugos
559 2109 665 2176 agitabo
678 2109 713 2161 ud
724 2109 835 2160 flumina
847 2124 946 2160 currus.

251 2175 354 2228 <timete
365 2177 440 2245 mihi,
451 2178 584 2246 Alpheum
595 2178 718 2246 linquens
730 2178 853 2244 lucosque
866 2175 1001 2242 Molorchi,

251 2245 377 2298 Cursibus
389 2253 417 2299 et
429 2248 508 2299 crudo
520 2249 642 2299 decernet
655 2247 755 2299 Graecia
765 2252 861 2299 eaestu:
1062 2246 1096 2295 20

251 2314 318 2384 Ipse,
332 2321 413 2383 caput
425 2322 507 2369 tonsae
518 2316 588 2369 foliis
600 2321 708 2368 ornatus
720 2316 802 2380 olivae,

250 2383 328 2436 Dona
339 2385 430 2437 feram.
466 2385 485 2437 J
486 2403 529 2437 nm
540 2402 611 2437 nune
624 2385 750 2437 solemnes
763 2385 857 2436 ducere
869 2400 977 2452 pompas

250 2452 293 2504 Ad
305 2453 415 2505 delubra
423 2456 509 2522 juvat,
522 2471 651 2521 caesosque
664 2454 751 2506 videre
760 2455 886 2521 juvencos
896 2471 904 2516 ;

251 2520 301 2574 Vel
313 2539 392 2575 scena
403 2529 435 2574 ut
446 2523 526 2574 versis
538 2522 655 2575 discedat
668 2522 805 2588 frontibus,
818 2527 900 2591 utque

251 2591 389 2658 Purpureo
399 2591 496 2642 intexti
508 2591 603 2644 tollant
614 2591 702 2646 aulaea
713 2592 849 2651 Britanni.

243 2659 277 2706 [ιι
286 2657 387 2706 mrbus
392 2673 512 2726 pugnem
526 2677 560 2713 ex
571 2678 639 2718 auro
652 2665 798 2744 solidoque
811 2668 966 2744 elephanto
1066 2648 1103 2762 1
