2700 3242
260 299 311 350 lto
493 295 522 348 P.
535 294 689 348 vraurnn
707 292 869 346 MARONIS

259 395 310 448 Vel
322 395 402 449 Pater
414 396 578 464 omnipotens
590 396 682 463 adigat
694 412 736 446 me
748 394 859 446 fulmine
871 393 906 444 ad
918 391 1034 459 umbras,

259 465 393 518 Pallentes
404 464 510 518 umbras
523 465 600 517 Erebi
612 471 768 531 noctemque
781 462 946 531 profundam,

258 535 338 601 Ante,
351 534 446 601 Pudor,
459 551 539 601 quam
551 541 578 586 te
591 534 665 599 violo,
679 540 726 584 aut
739 540 786 584 tua
794 533 856 598 jura
867 530 975 584 resolvo.

260 603 311 657 Ille
322 621 400 670 meos,
412 604 513 670 primus
525 604 570 672 qui
583 621 625 654 me
637 603 687 654 sibi
695 602 795 668 junxit,
808 618 907 652 amores

264 668 382 721 Abstulit
393 687 399 731 ;
418 669 462 719 ille
474 668 569 718 haheat
581 684 668 718 secum
682 672 817 732 servetque
829 664 971 732 sepulcro.”

264 737 307 790 Sic
320 737 399 789 effata
412 737 497 788 sinum
510 735 622 786 lacrimis
635 735 755 801 implevit
768 734 871 785 obortis.

298 805 376 858 Anna
387 807 483 857 refert:
502 804 546 855 “O
560 804 618 854 luce
630 804 714 867 magis
727 803 823 854 dilecta
836 802 922 867 sorori,

260 867 355 920 Solane
401 874 496 937 rpetua
507 885 617 920 maerens
630 886 736 936 carpere
744 870 878 936 juventa?

260 937 316 989 Nec
329 938 365 989 du
377 955 418 990 ces
430 944 513 1003 natos,
527 938 635 989 Veneris
647 955 696 990 nec
708 939 817 1005 praemia
829 939 898 991 noris
909 938 919 991 l

261 1005 294 1057 ld
307 1006 421 1059 cinerem
433 1012 480 1058 aut
493 1024 582 1058 manes
595 1007 679 1058 credis
692 1025 783 1058 curare
796 1008 932 1076 sepultosl
946 1047 949 1052 -

260 1073 340 1127 Esto:
360 1092 456 1143 aegram
468 1076 536 1127 nulli
549 1077 680 1143 quondam
693 1077 788 1128 flexere
800 1078 897 1142 mariti,

260 1143 322 1196 Non
334 1144 430 1212 Libyae,
443 1162 496 1196 non
508 1151 570 1196 ante
582 1145 649 1212 Tyro
662 1164 668 1208 ;
688 1146 825 1213 despectus
838 1146 936 1213 Iarbas,

261 1212 442 1281 Ductoresque
454 1214 507 1280 alii,
520 1231 584 1281 quos
597 1215 688 1266 Africa
701 1221 770 1266 terra
783 1216 924 1283 triumphis

261 1281 342 1335 Dives
355 1282 420 1335 alit:
438 1283 569 1351 placitone
582 1283 663 1335 etiam
675 1283 806 1351 pugnabis
819 1285 921 1336 amorii

262 1351 317 1403 Nec
329 1353 402 1404 venit
413 1352 442 1403 in
455 1359 577 1417 mentem,
591 1369 702 1420 quorum
715 1354 859 1405 consederis
871 1351 961 1407 arvial

263 1420 335 1473 Hinc
349 1421 459 1473 Gaetulae
472 1421 556 1487 urbes,
569 1439 652 1488 genus
664 1422 840 1490 insuperabile
853 1422 929 1489 bello,

262 1489 299 1542 Et
311 1490 433 1543 Numidae
445 1491 542 1542 infreni
555 1491 674 1558 cingunt,
687 1498 714 1543 et
726 1492 859 1560 inhospita
872 1492 974 1560 Syrtis;

263 1558 336 1611 Hinc
349 1559 451 1611 deserta
464 1561 508 1612 siti
520 1561 599 1627 regio,
612 1560 718 1628 lateque
730 1561 847 1612 furentes

263 1627 370 1681 Barcaei.
407 1629 477 1693 Quid
489 1629 558 1681 bella
571 1630 639 1698 Tyro
651 1631 786 1697 surgentia
799 1631 884 1682 dicam

265 1697 439 1765 Germanique
451 1700 536 1749 minas
547 1698 556 1750 l

263 1765 312 1819 Dis
324 1767 445 1834 equidem
457 1767 607 1836 auspicibus
619 1786 676 1821 reor
688 1773 715 1820 et
727 1768 747 1820 J
747 1785 834 1820 unone
847 1769 962 1822 secunda

264 1835 345 1887 Hunc
358 1853 463 1888 cursum
476 1837 570 1889 Iliacas
583 1844 661 1889 vento
674 1838 788 1889 tenuisse
801 1838 909 1891 carinas.

264 1905 351 1968 Quam
363 1912 394 1957 tu
406 1906 504 1969 urbem,
518 1924 593 1973 soror,
607 1908 675 1958 hanc
688 1924 783 1969 cernes,
797 1924 855 1974 quae
868 1924 974 1974 surgere
985 1923 1051 1976 regn

266 1973 393 2042 Oonjugio
406 1975 471 2030 tali!
492 1976 621 2027 Teucrum
634 1976 821 2027 comitantibus
833 1977 920 2044 armis,

265 2042 368 2095 Punica
380 2061 407 2096 se
420 2045 525 2112 quantis
538 2045 642 2097 attollet
654 2045 739 2112 gloria
750 2044 844 2096 rebus!

265 2112 306 2164 Tu
318 2113 394 2165 modo
407 2131 483 2181 posce
495 2114 555 2165 deos
568 2115 680 2179 veniam,
693 2115 823 2182 sacrisque
836 2114 920 2167 litatis

267 2181 381 2250 Indulge
393 2183 514 2251 hospitio,
527 2201 669 2250 causasque
682 2183 787 2235 innecte
799 2183 936 2247 morandi3

266 2249 338 2303 Dum
351 2252 444 2320 pelago
457 2252 566 2304 desaevit
578 2253 661 2304 hiems
674 2259 701 2303 et
713 2270 825 2320 aquosus
838 2252 926 2318 Orion,

267 2320 454 2388 erassataeque
466 2329 543 2388 rates,
556 2323 620 2373 dum
631 2339 685 2373 uon
697 2321 835 2374 tractabile
848 2317 969 2374 coelum''

267 2388 318 2441 His
330 2390 408 2442 dictis
420 2391 556 2443 incensum
569 2392 688 2443 animum
700 2391 874 2443 inflammavit
886 2407 982 2458 amoro,

267 2457 397 2527 Spemque
410 2460 484 2512 dedit
496 2460 580 2512 dubiae
592 2460 684 2526 menti,
697 2460 825 2528 solvitque
838 2460 971 2528 pudorem.

303 2528 436 2595 Principio
449 2530 557 2581 delubra
569 2531 675 2594 adeunt,
689 2547 831 2596 pacemque
844 2546 890 2596 per
902 2546 960 2581 aras

267 2595 436 2663 Exquirunt:
454 2606 574 2650 mactant
586 2599 666 2650 lectas
680 2599 711 2649 de
724 2617 794 2650 more
807 2599 926 2650 bidentes

267 2665 394 2732 Legiferae
408 2667 500 2733 Cereri,
513 2668 669 2735 Phoeboque,
682 2669 803 2734 patrique
816 2668 911 2735 Lyae03

252 2733 364 2786 lunoni
373 2744 438 2790 ante
451 2755 551 2808 omnes,
565 2738 608 2793 cui
621 2738 711 2793 vincla
720 2738 821 2807 jugalia
832 2754 908 2789 curae.

236 2797 313 2872 ῙΡθᾶ,
329 2810 431 2865 tenens
444 2810 548 2869 dextra
560 2818 696 2887 pateram,
708 2804 971 2883 pulcherrimabido
