2700 3242
508 302 673 356 nnnroos
693 302 759 356 nm.
774 290 825 355 iv.
1040 305 1087 355 nn

244 401 335 456 Multa
347 403 367 456 J
368 420 443 456 ovem
455 405 576 457 manibus
590 405 701 473 supplex
714 423 799 457 orasse
812 405 929 473 supinis:

243 469 378 538 “Jupiter
390 473 562 541 omnipotens,
576 475 618 526 cni
631 492 702 525 nunc
715 475 855 527 Maurusia
866 476 943 544 pictis

246 540 315 593 Gens
328 542 436 609 epulata
449 543 512 594 toris
525 543 646 594 Irenaeum
662 543 727 593 libat
740 543 871 607 honorem,

246 610 350 678 Aspicis
362 610 439 664 haeel
458 629 492 663 au
505 619 539 675 te,
552 613 662 679 genitor,
676 629 758 677 quum
771 611 883 662 fulmina
896 627 1009 677 torques,

246 677 433 747 Nequidquam
447 680 600 732 horremusl
619 681 732 748 caeoiquc
746 681 773 730 in
787 680 900 730 nubilus
914 681 987 745 ignes

245 747 402 800 Terrificant
413 750 521 811 animos,
535 757 561 801 et
573 751 664 801 inania
676 767 812 800 murmura
824 750 935 800 miscent
946 751 955 801 l
1041 753 1090 800 ilo

245 815 364 880 Femina,
378 836 436 885 quae
449 820 543 870 nostris
556 837 644 870 errans
657 820 684 869 in
698 818 794 868 finibus
806 818 898 869 urbem

244 885 381 953 Exiguam
393 888 477 955 pretio
490 889 585 956 posuit,
598 889 640 939 cui
654 888 719 939 litus
731 888 867 952 arandum,

245 955 348 1022 Cuique
360 956 411 1008 loci
425 956 494 1023 leges
507 958 634 1023 dedimus,
648 957 778 1008 connubia
791 965 880 1008 nostra

245 1023 363 1091 Repulit,
377 1042 407 1076 ae
419 1026 554 1077 dominum
567 1027 670 1078 AEnean
686 1027 711 1076 in
725 1043 806 1091 regna
818 1027 923 1093 recepit.

245 1091 282 1144 Et
294 1110 366 1145 nune
379 1094 423 1146 ille
435 1094 517 1162 Parin,
530 1113 590 1146 cum
604 1096 724 1146 semiviro
737 1095 871 1157 comitatu,

245 1159 361 1214 Maeonia
372 1170 491 1215 mentum
504 1166 583 1215 mitra
597 1165 747 1230 crinemque
760 1165 909 1214 madentem

246 1229 390 1297 Subnixns,
403 1241 477 1300 rapto
490 1236 606 1300 potitur:
625 1251 672 1284 nos
685 1250 794 1284 munera
808 1233 912 1300 templis

247 1300 352 1368 Quippe
364 1302 418 1352 tuis
430 1303 544 1363 ferimus,
558 1304 709 1369 famamque
722 1304 839 1353 fovemus
853 1301 978 1353 irmncrn.’

282 1368 390 1420 Talibus
403 1378 519 1423 orantem
533 1373 618 1436 dictis,
632 1389 741 1438 arasque
755 1380 895 1431 tenentem,

247 1437 343 1490 Audiit
355 1440 526 1506 omnipotens,
539 1442 678 1503 oculosque
691 1441 723 1491 ad
736 1440 833 1490 moenia
846 1439 921 1490 torsit
1043 1443 1091 1489 ³220

248 1505 340 1574 Regia,
353 1516 379 1559 et
392 1509 484 1560 oblitos
496 1510 573 1561 sanun
586 1510 700 1560 melioris
713 1517 837 1560 amantes.

246 1573 314 1626 Tum
328 1578 366 1628 sic
378 1577 539 1629 Mercurium
552 1579 703 1645 alloquitur,
716 1596 746 1629 ac
760 1578 824 1629 talia
836 1576 962 1628 mandat:

248 1642 347 1694 “Vade
358 1659 413 1705 ege,
426 1648 495 1706 nate,
508 1662 572 1697 voca
585 1647 725 1711 Zephyros,
740 1655 765 1695 ct
779 1646 864 1696 labere
879 1643 987 1708 pennis,

246 1709 464 1777 Dardaniumque
477 1711 577 1775 ducem,
591 1711 670 1778 Tyria
683 1710 841 1775 Carthagine
854 1710 899 1775 qni
914 1726 983 1760 nnnc

246 1776 401 1846 Exspectat,
413 1779 528 1846 fatisque
541 1781 616 1831 (latas
629 1797 682 1830 non
694 1780 800 1846 respicit
813 1777 898 1842 urch,

246 1846 396 1914 Alloquere,
409 1853 436 1900 et
448 1849 543 1900 celeres
556 1850 628 1901 defer
639 1867 698 1899 mea
711 1849 782 1898 dicta
795 1865 840 1915 per
853 1864 936 1899 auras.

246 1915 309 1968 Non
321 1916 399 1968 illum
411 1917 484 1969 nobis
497 1919 617 1984 genetrix
630 1918 806 1985 pulchenimu
819 1917 899 1968 talem

247 1983 381 2052 Promisit,
395 1987 555 2053 Graiumque
567 1988 626 2038 ideo
639 1987 678 2037 nis
692 1987 809 2037 vindicat
822 1987 900 2036 armis
912 2004 918 2047 ;

247 2052 299 2106 Sed
311 2055 375 2122 fore,
387 2056 433 2123 qui
445 2057 581 2122 gravidam
594 2056 710 2122 imperiis
723 2055 842 2121 belloque
855 2056 1008 2106 frementem

248 2122 357 2175 ltaliam
369 2133 478 2191 regeret,
491 2143 573 2191 genus
585 2126 639 2176 alto
652 2143 668 2175 a
681 2125 807 2191 sangnine
821 2125 913 2174 Teucri
1042 2125 1093 2173 230

248 2191 382 2259 Proderet,
395 2211 425 2245 ac
439 2200 525 2245 totum
538 2194 585 2245 sub
598 2195 667 2259 leges
679 2195 797 2245 mitteret
810 2194 904 2244 orbem.

248 2260 277 2313 Si
289 2261 365 2314 nulla
376 2263 497 2314 accendit
510 2270 644 2315 tantarum
657 2263 740 2329 gloria
753 2281 847 2327 rorum,

248 2330 304 2382 Nec
317 2348 396 2399 super
407 2331 462 2400 ipse
475 2350 523 2383 sua
534 2333 642 2383 molitur
655 2333 733 2383 laude
746 2332 876 2383 laborem:

248 2399 397 2453 Ascanione
408 2408 484 2469 pater
498 2402 627 2452 Romanas
640 2402 742 2452 invidet
755 2400 845 2452 arccsi

250 2468 321 2531 Quid
334 2469 433 2522 struit?
452 2477 500 2522 aut
513 2488 564 2538 qua
577 2489 630 2539 spe,
642 2471 750 2521 inimica
763 2470 790 2520 in
803 2475 888 2536 gente,
901 2473 1019 2520 moratur
1030 2467 1038 2519 l

250 2537 306 2590 Nec
317 2538 417 2605 prolem
431 2539 574 2591 Ausoniam
587 2549 613 2591 et
627 2540 737 2591 Lavinia
749 2540 856 2605 respicit
868 2556 931 2589 arva
942 2537 951 2588 'l

249 2607 382 2674 Naviget:
400 2609 458 2660 hacc
471 2627 572 2660 summa
585 2616 624 2660 est
635 2628 640 2671 ;
660 2609 703 2660 hic
716 2610 798 2659 nostri
811 2609 923 2658 nuncius
936 2612 1013 2658 esto.”

285 2677 405 2731 Dixerat.
442 2678 491 2729 Ille
504 2679 586 2746 patris
598 2678 689 2744 magni
702 2695 792 2745 parcre
804 2677 915 2745 parabat

250 2745 382 2816 Imperio:
400 2751 428 2798 et
436 2748 552 2814 primum
563 2748 677 2817 pedibus
691 2747 790 2804 talaria
800 2748 890 2804 nectit

246 2816 339 2879 Aurea,
351 2831 409 2881 que
418 2815 557 2870 snbnmem
570 2819 630 2892 alie,
643 2821 705 2879 sive
717 2841 831 2898 aequora
844 2841 945 2899 supra,
1076 2809 1141 2865 ‘m

659 2911 684 2953 Η
