2700 3242
273 303 306 356 ‘28
491 301 520 354 P.
540 302 694 355 VIRGILH
713 301 875 354 MARONIS

274 403 406 473 Imposuit
417 408 514 456 natura
525 404 596 470 locis,
609 422 660 473 quo
672 412 789 473 tempore
801 406 917 473 primurn

272 473 418 527 Deucalion
430 491 545 529 vacuum
556 475 656 543 lapides
665 475 779 542 jactavit
791 475 819 525 in
832 474 927 542 orbern,

273 543 350 595 Unde
362 544 479 596 homines
491 545 555 610 nati,
568 545 665 596 durum
676 562 767 612 genus.
797 545 866 610 Ergo
878 562 934 611 age,
946 549 1022 596 terrae

273 611 376 680 Pingue
389 613 474 665 selum
485 614 576 681 primis
588 614 720 681 extemplo
732 631 749 665 a
760 613 892 665 mensibus
904 614 967 665 anni

273 680 364 734 Fortes
375 682 510 735 invertant
522 684 600 749 tauri,
613 682 753 750 glebasque
761 684 880 750 jacentes

273 750 464 805 Pulverulenta
476 759 571 820 coquat
583 753 694 803 maturis
707 751 804 803 solibus
817 758 909 806 aestas:

272 821 310 872 At
322 821 345 873 si
356 838 409 872 non
420 821 501 873 fuerit
513 822 591 873 tellus
603 820 724 886 fecunda,
738 821 786 871 sub
797 822 885 888 ipsum

273 889 418 942 Arcturum
430 892 504 943 tenui
517 897 558 942 sat
569 891 619 942 erit
631 907 674 941 sus
694 889 788 941 endere
801 890 889 955 sule0;

273 959 342 1027 Illic,
354 959 469 1011 officiant
481 960 548 1011 laris
561 977 594 1011 ne
606 908 726 1026 frugibus
738 958 832 1026 herbae,

274 1026 334 1094 Hic,
348 1029 462 1081 sterilem
474 1029 586 1095 exiguus
598 1045 631 1080 ne
644 1029 747 1080 deserat
759 1029 852 1081 humor
864 1047 977 1081 arenam.
1084 1032 1118 1082 70

308 1097 424 1150 Alternis
436 1098 506 1149 idem
518 1106 604 1150 tensas
617 1115 716 1150 cessare
727 1098 832 1150 novales

273 1166 309 1218 Et
321 1184 427 1234 segnem
438 1168 537 1234 patiere
550 1168 603 1219 situ
615 1167 751 1218 durescere
763 1183 903 1235 campum3

273 1236 329 1287 Aut
341 1235 378 1287 ibi
390 1237 458 1289 flava
471 1253 537 1288 seres
549 1243 653 1288 mutate
665 1237 748 1288 sidere
760 1237 837 1303 farm,

273 1304 350 1357 Unde
361 1306 435 1374 prius
446 1306 539 1358 laeturn
552 1307 647 1374 siliqua
660 1312 800 1372 quassante
815 1306 944 1372 legumen,

273 1374 329 1426 Aut
341 1380 433 1427 tenues
445 1376 515 1428 fetus
528 1377 602 1428 viciae
615 1376 751 1443 tristisque
763 1376 850 1444 lupini

273 1442 414 1496 Sustuleris
425 1445 532 1512 fragiles
545 1447 657 1497 calamos
670 1446 815 1512 silvamque
827 1451 970 1496 sonantem.

274 1512 334 1565 Urit
347 1514 418 1564 enim
429 1514 479 1565 lini
491 1532 613 1582 campum
626 1531 706 1581 seges,
718 1514 773 1566 urit
784 1531 874 1566 avenae
884 1532 893 1578 ς

274 1581 363 1634 Urunt
374 1582 481 1634 Lethaeo
494 1583 599 1650 perfusa
611 1600 742 1650 papavera
754 1601 851 1635 somno.

273 1650 325 1703 Sed
337 1656 425 1704 tamen
438 1653 546 1704 alternis
557 1653 642 1704 facilis
655 1651 735 1719 labor,
747 1653 821 1705 arida
832 1658 938 1705 tantum

272 1719 299 1773 N
300 1737 314 1771 e
327 1726 444 1773 saturare
456 1721 517 1772 fimo
530 1721 623 1790 pingui
635 1721 735 1789 pudeat
747 1722 808 1788 sola,
820 1740 886 1774 neve
1083 1722 1119 1774 80

273 1788 371 1842 Effetos
383 1790 497 1842 cinerem
508 1791 675 1842 immundum
684 1793 786 1858 jactare
797 1807 937 1859 peragras.

274 1857 317 1910 Sic
329 1876 433 1928 quoque
445 1860 555 1912 mutatis
567 1861 735 1928 requiescunt
747 1861 844 1912 fetibus
856 1877 936 1925 arva5

273 1926 299 1980 N
300 1944 329 1979 ee
341 1929 416 1980 nulla
426 1929 527 1980 interea
539 1936 578 1982 est
590 1930 700 1982 inaratae
712 1931 799 1997 gratia
810 1936 895 1982 terrae.
932 1981 934 1983 ,

274 1995 349 2065 Saepe
361 1999 441 2050 etiam
454 1999 554 2050 steriles
566 1999 704 2051 incendere
716 2000 817 2067 profuit
828 2016 911 2066 agros,

274 2065 363 2134 Atque
375 2068 459 2120 levem
472 2068 597 2135 stipulam
609 2069 800 2136 crepitantibus
811 2086 886 2122 urere
898 2066 1027 2122 flammis:

274 2134 334 2188 Sive
346 2137 408 2189 inde
420 2137 535 2189 occultas
548 2138 615 2190 vires
627 2145 654 2190 et
667 2137 765 2206 pabula
776 2143 853 2190 terra

274 2204 389 2273 Pinguia
401 2206 554 2273 concipiunt
565 2226 571 2270 ;
590 2208 645 2260 sive
657 2208 710 2259 illis
722 2224 798 2258 omne
810 2225 856 2274 per
868 2207 957 2275 ignem

274 2273 439 2342 Exsequitur
451 2277 553 2342 vitium,
565 2283 646 2344 atque
659 2277 760 2329 exudat
771 2277 874 2329 inutilis
887 2277 998 2339 humer;

275 2342 327 2396 Seu
339 2343 426 2412 plures
439 2346 508 2398 calor
520 2345 565 2397 ille
574 2346 630 2400 vias
642 2352 669 2398 et
682 2363 751 2398 caeca
762 2345 865 2398 relaxat

275 2411 447 2482 spiramenta,
460 2432 540 2467 novas
552 2417 642 2468 veniat
654 2433 707 2484 qua
718 2432 796 2467 sucus
807 2415 836 2466 in
848 2415 959 2479 herbes3
1085 2417 1120 2466 90

275 2481 327 2534 Seu
339 2483 418 2535 durat
429 2485 512 2551 magis
524 2492 552 2537 et
564 2503 643 2538 venas
655 2484 780 2552 astringit
791 2485 903 2552 hiantes,

274 2551 301 2604 N
302 2569 316 2604 e
327 2557 418 2605 tenues
430 2553 535 2621 pluviae,
547 2555 666 2622 rapidive
679 2554 797 2622 potentia
809 2553 869 2606 solis

275 2621 373 2688 Acrior,
386 2629 434 2674 aut
445 2623 530 2674 boreae
542 2623 705 2692 penetrabile
716 2625 800 2689 frigus
812 2624 914 2675 adurat.

267 2690 391 2765 Multum
403 2692 475 2757 adeo)
487 2694 579 2745 rastris
590 2693 680 2760 glebas
692 2694 738 2762 qui
750 2694 850 2760 frangit
861 2694 957 2744 inertes

237 2753 449 2871 AEmr'rrceasque
462 2762 549 2816 trabit
562 2769 657 2848 crates,
666 2764 749 2835 juvat
761 2780 844 2827 arva,
859 2780 947 2829 neque
957 2763 1034 2812 illum

289 2834 321 2871 vs
355 2841 418 2878 eres
426 2830 490 2885 alto
500 2835 698 2906 nequidquam
712 2841 824 2909 spectat
836 2835 951 2904 blvmpe
