2700 3242
506 317 673 373 AEuumos
690 317 757 373 LIB.
776 317 822 372 IX.
1035 318 1085 369 291

240 415 359 474 Detonsit
371 418 478 474 veniens
489 439 496 486 ;
513 427 647 490 portasque
659 421 780 488 infigitur
791 421 875 472 hasta.

241 491 257 516 “
265 489 301 540 At
313 505 366 540 non
379 488 428 540 hoc
440 489 530 550 telum,
543 507 602 541 mea
614 490 683 556 quod
696 492 722 541 vi
736 490 844 540 dexteru
856 493 948 552 versat,

241 557 377 622 Effugies3
394 559 561 625 nequeenim
574 559 595 610 is
608 558 654 611 teli
667 575 716 610 nec
728 558 843 610 vulneris
855 559 972 610 auctor.''

241 627 286 680 Sic
298 628 344 693 ait,
358 633 385 679 et
397 626 531 679 sublatum
543 629 598 678 alte
609 627 744 692 consurgit
756 628 785 676 in
798 642 894 691 ensem,

241 696 278 749 Et
290 697 405 748 mediam
416 696 484 748 ferro
497 696 603 763 gemina
614 695 685 747 inter
697 702 815 763 tempora
826 695 940 746 frontem
1037 691 1088 745 750

241 765 354 831 Dividit,
367 766 539 834 impubesque
551 764 661 816 immani
674 763 782 816 vulnere
794 765 884 816 malae.

242 834 288 887 Fit
301 852 396 898 sonus3
414 834 517 902 ingenti
529 850 654 886 concussa
666 840 707 885 est
719 834 833 901 pondere
845 834 932 886 tellus.

243 904 376 972 collapsos
388 910 462 956 artus
474 911 554 971 atque
566 920 640 954 arma
651 911 762 954 cruenta
774 903 877 955 cerebro

243 973 346 1026 Sternit
358 973 433 1025 humi
445 973 558 1025 moriens
569 990 575 1034 ;
594 981 674 1040 atquo
686 972 726 1023 illi
739 973 857 1040 partibus
869 972 950 1040 aquis

243 1043 307 1094 Huc
319 1050 400 1110 caput
412 1049 492 1110 atquo
504 1042 569 1093 illue
581 1042 690 1093 humero
702 1059 736 1092 ex
748 1050 859 1110 utroque
871 1041 1005 1110 pependit.

243 1111 397 1179 Diffugiunt
409 1112 477 1163 versi
490 1111 593 1179 trepida
604 1111 744 1162 formidine
756 1111 842 1164 lhoe‘s.

243 1179 281 1232 Et
293 1181 315 1236 si
327 1181 452 1233 continuo
465 1181 590 1232 victorem
602 1198 633 1232 ea
645 1197 708 1232 cura
720 1180 839 1245 subisset,

245 1250 378 1318 Rumpere
391 1249 506 1302 claustra
518 1267 599 1300 manu
612 1249 744 1316 sociosque
757 1250 899 1302 immittere
911 1248 1008 1318 portis:

245 1318 364 1371 Ultimus
376 1319 421 1371 illo
434 1319 489 1370 dies
500 1319 568 1371 bello
581 1319 706 1386 gentique
718 1319 818 1372 fuisset.

246 1387 299 1440 Sed
310 1389 383 1440 furor
395 1389 532 1440 ardentem
545 1388 674 1456 caedisque
686 1388 780 1440 insana
792 1388 888 1457 cupido
1039 1385 1090 1441 760

245 1457 312 1525 Egit
323 1457 352 1509 in
365 1457 493 1510 adversos.

245 1525 381 1595 Principio
393 1526 527 1579 Phalerim
539 1532 566 1578 et
578 1525 678 1584 succiso
690 1526 790 1595 poplite
803 1527 895 1594 Gygen

245 1596 373 1663 Excipit;
392 1595 454 1648 hinc
467 1603 556 1664 raptus
568 1596 733 1663 fugientibus
746 1596 842 1663 ingerit
854 1598 943 1648 hastas

247 1665 281 1717 In
294 1672 414 1732 tergum:
433 1665 452 1718 J
454 1683 507 1717 uno
520 1665 586 1718 vires
598 1665 768 1732 animumque
780 1667 920 1718 ministrat.

246 1734 332 1786 Addit
346 1734 445 1801 Halym
457 1735 586 1799 comitem,
599 1743 626 1786 et
639 1735 742 1787 confixa
755 1735 859 1802 Phegea
871 1753 979 1804 parme3

247 1803 357 1871 Ignaros
369 1804 464 1855 deinde
477 1805 504 1855 iu
517 1804 598 1856 muris
612 1804 779 1872 Martemque
792 1807 898 1870 cientes,

246 1872 462 1941 Alcandrumque
477 1874 637 1940 Haliumque
643 1872 829 1940 Noemonaque
842 1875 1050 1943 Prytanimque;

247 1941 353 2009 Lyncea
366 1943 517 1995 tendentem
530 1952 628 2006 contra,
641 1944 774 2010 sociosque
787 1953 930 2012 vocantem,

248 2011 373 2064 Vibranti
385 2012 472 2079 gladio
485 2013 612 2064 connixus
625 2011 658 2064 ab
670 2030 765 2079 aggere
777 2013 870 2065 dexter

249 2081 384 2149 Occupat:
403 2082 465 2133 huic
478 2099 530 2133 uno
543 2082 675 2148 dejectum
688 2083 805 2133 cominus
819 2083 873 2134 ictu
1043 2079 1093 2133 770

249 2151 315 2204 (lum
328 2151 403 2217 galea
416 2151 492 2218 louge
500 2151 587 2218 jacint
599 2159 687 2219 caput.
724 2151 789 2202 Inde
803 2152 917 2204 ferarum

249 2220 418 2272 vastatorem
431 2222 569 2287 Amycum,
583 2238 634 2288 quo
647 2238 699 2272 non
712 2220 812 2272 felicior
824 2222 892 2273 alter

250 2289 356 2356 Ungere
369 2290 422 2341 tela
434 2307 523 2353 manu,
536 2291 687 2357 ferrumque
700 2307 801 2341 armare
814 2308 931 2353 venen03

249 2358 286 2410 Et
299 2358 415 2425 Clytium
429 2359 556 2425 AEoliden,
570 2368 597 2410 et
609 2359 724 2410 amicum
737 2360 848 2411 Crethea
861 2360 962 2423 Musis3

251 2427 363 2479 Crethea
377 2427 511 2480 Musarum
525 2429 654 2491 comitem,
668 2429 711 2479 cui
724 2431 841 2480 carmina
854 2447 956 2497 semper

250 2496 287 2548 Et
299 2497 408 2548 citharae
420 2498 499 2563 cordi,
512 2515 685 2564 numerosque
698 2498 833 2550 intendere
845 2498 950 2561 nervis;

251 2565 359 2633 Semper
371 2583 450 2633 equos
463 2576 543 2634 atque
555 2585 629 2618 arma
641 2567 735 2631 virum,
749 2585 902 2634 pugnasque
915 2565 1033 2620 canebat.

286 2634 404 2686 Tandem
416 2635 543 2701 ductores,
557 2637 650 2688 auditu
662 2637 732 2687 ccede
745 2654 858 2702 suorum,

252 2703 420 2756 Conveniunt
432 2705 532 2770 Teucri,
545 2704 699 2758 Mnestheus
711 2722 823 2774 acerque
834 2704 979 2768 Serestum,

253 2773 430 2840 Palantesque
442 2773 532 2826 rident
544 2773 635 2844 socios,
647 2774 811 2849 hostemque
820 2782 980 2846 receptum
1067 2769 1131 2840 'lup

197 2830 203 2887 l
245 2843 449 2908 EtMnestheur,
464 2847 480 2874 “
483 2845 544 2907 Quo
558 2849 659 2907 deinde
670 2853 787 2926 fugam,
796 2869 852 2924 quo
861 2839 1018 2904 munitat*
1039 2835 1157 2897 'ruffi-

237 2908 327 2969 “Quos
336 2910 405 2964 alios
414 2930 514 2982 muros,
531 2939 595 2992 quae
607 2927 671 2995 jam
686 2928 771 2983 ultra
782 2905 1059 2983 manmnsbet'wh
