2700 3242
256 306 292 361 94
490 299 519 351 P.
533 297 687 351 VIRGIhII
706 296 869 350 MARONIS

256 397 373 465 AEquora
384 402 444 450 tuta
456 398 535 450 silent
545 416 552 461 ;
570 404 629 450 tum
641 397 713 450 silvis
726 414 802 450 scena
814 399 927 450 courscis

257 466 375 535 Desuper
387 467 555 535 horrentique
567 473 656 520 atrum
667 484 760 518 nemus
772 468 893 519 imminet
905 467 1006 519 umbra.

257 534 354 588 Fronte
366 535 414 587 sub
425 537 534 590 adversa
546 536 659 604 scopulis
670 535 846 603 pendentibus
858 545 965 588 antrum
976 555 983 599 ;

258 603 335 656 Intus
348 621 423 672 aquae
435 606 532 672 dulces,
544 606 656 672 vivoque
669 605 761 656 sedilia
773 621 853 668 saxo;

257 672 441 742 Nympharum
453 675 553 727 domus.
589 674 641 725 Hic
653 673 734 726 fessas
746 691 800 725 non
811 674 919 726 vincula
930 691 1011 726 naves

259 741 321 794 Ulla
333 749 441 806 tenent;
458 760 527 794 unco
539 760 592 795 nou
605 742 699 810 alligat
711 759 807 794 ancora
818 760 913 794 morsu.

259 810 321 863 Huc
333 818 433 880 septem
444 811 540 864 AEneas
552 811 667 863 collectis
680 811 792 863 naribus
804 812 876 863 omni
1054 816 1063 863 l

259 879 302 930 Ex
313 897 422 933 numero
431 881 505 933 subit
515 900 522 945 ;
539 897 571 933 ac
582 897 679 946 magno
692 881 794 933 telluris
806 897 892 934 amore

259 946 363 1014 Egressi
375 954 466 1016 optate
477 950 618 1018 potiuntur
630 949 710 1002 'Prode
722 965 809 1015 arena,

260 1018 297 1072 Ilt
308 1019 362 1072 sole
374 1020 493 1072 tabentes
505 1026 578 1071 artus
591 1021 619 1071 in
631 1020 709 1071 litore
720 1025 831 1087 ponunt.

262 1088 302 1140 Ac
314 1088 429 1158 primum
441 1089 508 1140 silici
520 1088 664 1141 scintillam
675 1089 784 1140 excudit
797 1088 918 1156 Achates,

262 1156 434 1226 Suscepitqua
446 1158 535 1225 ignem
545 1157 622 1224 foliis,
635 1163 716 1225 atque
728 1157 802 1209 arida
814 1157 913 1209 circum

262 1225 431 1280 Nutrimenta
443 1227 523 1294 dedit,
535 1227 677 1295 rapuitque
689 1227 718 1277 in
730 1227 821 1278 fomite
832 1227 972 1279 flammam.

262 1295 330 1347 Tum
343 1297 460 1349 Cererem
472 1303 622 1365 corruptam
633 1295 712 1347 undis
725 1296 892 1364 Cerealiaque
904 1313 975 1348 arura

262 1364 423 1434 Expediunt,
437 1366 499 1418 fessi
509 1383 614 1429 rerum3
631 1365 773 1432 frugesque
784 1371 902 1434 receptas

262 1433 299 1486 Et
310 1440 407 1486 torrere
419 1441 514 1503 parant
525 1434 638 1487 flammis
650 1440 677 1486 et
689 1435 809 1501 frangere
821 1451 892 1487 saxo.

297 1502 394 1556 AEneas
407 1521 448 1556 sco
467 1503 542 1554 ulum
554 1504 654 1555 interea
667 1503 825 1569 conscendit,
837 1509 864 1555 et
876 1521 979 1556 omnem
1057 1507 1063 1555 l

264 1571 436 1640 Prospectum
447 1521 501 1624 hae
512 1572 605 1641 pelago
616 1573 693 1640 petit,
706 1572 812 1624 Anthea
821 1573 843 1624 si
854 1590 931 1640 quem

264 1641 404 1694 Jactatum
415 1647 493 1694 vento
505 1641 601 1707 rideat,
615 1641 794 1709 Phrygiasque
806 1641 923 1708 biremes,

265 1711 322 1763 Aut
334 1711 432 1778 Capyn,
444 1715 492 1762 aut
504 1710 578 1762 celsis
590 1710 618 1761 in
631 1711 764 1778 puppibus
776 1727 849 1762 arma
861 1711 940 1764 Caici.

265 1780 367 1833 Narem
379 1780 408 1831 in
419 1786 561 1848 conspectu
571 1780 682 1846 nullam,
695 1786 748 1831 tres
760 1780 837 1832 litore
849 1796 937 1833 cervos

266 1848 395 1917 Prospicit
406 1856 522 1901 ementes
533 1867 539 1913 ;
557 1849 604 1900 hos
616 1854 673 1900 tota
685 1854 804 1900 armenta
816 1856 963 1916 sequuntur

266 1918 291 1970 A
302 1924 383 1985 tergo,
396 1922 423 1970 et
435 1917 544 1986 longum
555 1935 602 1987 per
613 1917 695 1970 valles
707 1918 823 1985 pascitur
835 1935 936 1985 agmen.

267 1987 391 2040 Constitit
402 1987 454 2054 hic,
467 2003 608 2054 arcumque
620 2004 702 2038 manu
714 1986 860 2054 celeresque
872 1988 982 2055 sagittas

267 2056 405 2125 Corripuit,
417 2057 486 2109 fidus
498 2073 555 2124 quae
568 2057 622 2109 tela
633 2055 739 2122 gerebat
751 2055 882 2119 Achates;

267 2126 448 2193 Ductoreeque
459 2126 528 2194 ipsos
540 2126 662 2193 primum,
675 2125 763 2192 capita
774 2125 830 2177 alta
841 2125 954 2177 ferentes

268 2194 394 2248 Cornibus
406 2195 526 2260 arboreis,
539 2194 640 2261 sternit,
653 2199 712 2245 tum
725 2193 819 2261 vulgus
830 2213 837 2257 ;
855 2199 882 2246 et
894 2211 998 2246 omnem
1058 2198 1063 2246 ἶ

268 2263 364 2316 Miscet
375 2281 454 2332 agens
467 2264 526 2316 telis
537 2280 643 2315 nemora
654 2263 724 2314 inter
735 2262 843 2315 frondea
855 2263 967 2316 turbam.

268 2333 325 2386 Nec
335 2334 408 2402 prius
420 2332 531 2400 absistit,
544 2349 622 2400 quam
636 2338 735 2400 septem
746 2332 866 2399 ingentia
878 2332 961 2385 victor

270 2402 382 2470 Corpora
392 2403 489 2456 fundat
500 2401 582 2468 humi,
595 2407 622 2454 et
634 2418 774 2453 numerum
786 2418 846 2452 cum
858 2401 970 2453 navibus
982 2410 1063 2469 coquet

270 2471 341 2523 Hinc
372 2478 459 2525 ortum
470 2471 546 2541 petit,
558 2477 586 2522 et
598 2471 678 2523 socios
690 2470 804 2538 partitur
816 2470 845 2521 in
857 2487 952 2523 omnes.

270 2540 340 2592 Vina
384 2559 434 2593 nus
446 2558 504 2609 quae
517 2540 611 2593 deinde
624 2540 695 2592 cadis
707 2545 827 2591 onerarat
838 2539 945 2592 Acestes

270 2609 357 2662 Litore
371 2609 505 2662 Trinacrio
520 2611 679 2676 dederatque
691 2609 850 2660 abeuntibus
862 2610 944 2667 heros,

269 2678 379 2746 Dividit,
392 2685 419 2732 et
431 2679 508 2732 dictis
519 2679 654 2730 merentia
665 2683 771 2747 pectora
782 2677 897 2731 mulcet:

299 2758 318 2785 “
324 2758 348 2809 0
356 2758 429 2826 socii,
443 2774 534 2828 neque
546 2756 617 2811 enim
628 2755 717 2827 ignari
728 2769 817 2807 sumus
829 2756 891 2804 ante
902 2751 1040 2817 malorum,

221 2845 225 2852 '
244 2822 270 2873 0
277 2828 360 2892 WSSJ
367 2831 505 2901 graviora,
521 2829 599 2886 dabit
613 2829 680 2884 deus
691 2826 737 2882 his
749 2840 853 2896 quoque
863 2821 951 2874 hnem
