2700 3242
326 311 376 362 308
550 307 580 361 P.
599 308 754 365 VIRGILII
771 310 934 366 MARONIS

322 409 457 475 Vertitur3
474 415 523 464 aut
534 411 623 464 anima
634 429 690 464 una
701 413 775 464 dabit
787 413 938 464 discrimina
951 411 1052 464 tanta.”

319 478 438 532 Dixerat.
474 481 572 533 AEnass
585 491 675 534 contra
687 482 730 534 cui
743 482 808 534 talia
819 482 923 534 reddit:
1114 484 1165 533 530

319 548 454 614 “Argenti
466 556 544 618 atque
556 551 614 603 suri
626 568 754 603 memoras
766 567 824 619 quae
836 550 921 602 multa
933 549 1042 616 talenta,

320 619 398 673 Natis
410 637 488 688 parce
500 619 561 673 tuis.
597 619 665 671 Belli
678 619 833 671 commercia
844 619 949 670 Turnus

320 689 435 743 Sustulit
447 689 499 742 ista
510 689 581 757 prior
589 689 647 756 jam
659 694 718 739 tum
731 687 854 740 Pallante
865 693 989 755 peremto.

321 757 380 810 Hoc
392 759 475 826 patris
487 757 609 809 Anchisa
621 773 720 821 manes,
732 756 783 809 hoc
795 757 877 808 sentit
889 756 991 809 Iulus.'‘

320 826 364 879 Sic
377 827 447 878 fatus
459 826 561 894 galeam
573 826 640 877 laeva
652 830 733 891 tenet,
745 833 826 893 atque
838 824 936 877 reflexa

321 895 426 948 Cervice
438 895 536 948 orantis
548 894 640 963 capulo
654 901 731 946 tenus
742 894 860 962 applicat
872 911 966 947 enscnu

321 965 377 1017 Nec
389 963 479 1033 procul
492 963 666 1025 Haemonides,
679 963 771 1014 Phoebi
784 963 931 1030 Triviaeque
943 964 1070 1030 sacerdos,

322 1033 412 1086 Insula
425 1033 467 1084 cui
480 1049 552 1084 sacra
563 1032 704 1084 redimibat
716 1038 834 1100 tempora
845 1032 921 1099 vitta,

321 1102 402 1154 Totus
414 1102 545 1154 collucens
557 1108 628 1153 vesto
640 1109 720 1169 atque
731 1101 878 1168 insignibus
890 1101 987 1155 armis:

322 1172 407 1234 Quem
418 1187 570 1237 congressus
582 1170 639 1237 agit
651 1187 751 1238 campo,
763 1169 919 1239 lapsumque
931 1180 1084 1240 superstans
1114 1175 1164 1224 540

322 1240 454 1305 immolat,
466 1239 619 1307 ingentique
631 1237 725 1291 umbra
737 1240 805 1306 tegit
815 1258 821 1302 ;
839 1256 913 1292 arma
924 1239 1044 1292 Serestus

324 1309 405 1361 Lecta
416 1309 497 1360 refert
509 1308 630 1373 humeris,
643 1307 701 1373 tibi,
713 1325 760 1359 rcx
773 1308 894 1376 Gradive,
906 1314 1043 1377 tropaeum

324 1378 478 1430 Instaurant
490 1378 558 1429 acies
571 1377 683 1428 Vulcani
696 1377 777 1445 stirpe
788 1385 891 1429 creatus

323 1446 441 1500 Caeculus
453 1454 480 1498 et
493 1447 599 1498 veniens
611 1445 757 1497 Marsorum
769 1445 902 1498 montibus
915 1446 1020 1499 Umbro.

322 1515 485 1568 Dardanides
498 1523 589 1567 contra
600 1514 672 1566 furit.
704 1515 821 1567 Anxuris
832 1532 893 1568 ense
906 1516 1041 1569 sinistram

322 1585 358 1637 Et
370 1591 456 1637 totum
468 1585 545 1653 clipei
557 1585 625 1636 forro
639 1584 769 1651 dejecerat
781 1584 868 1636 orbcm
879 1603 922 1648 ;-

322 1655 434 1708 Dlxerat
446 1654 491 1705 ille
503 1654 602 1721 aliquid
615 1670 749 1720 magnum,
762 1654 867 1721 vimque
879 1655 958 1706 affore
970 1653 1049 1706 verbo

323 1723 481 1789 Crediderat,
494 1722 610 1790 coeloque
622 1723 740 1773 anirnum
752 1722 861 1774 fortasse
873 1723 981 1788 ferebat,

323 1792 505 1859 canitiemque
517 1792 565 1842 sibi
579 1791 708 1857 oblongos
720 1792 875 1859 promiserat
887 1809 968 1843 annos
979 1811 1022 1855 ;-

323 1861 464 1928 Tarquitus
477 1861 611 1912 exsultans
624 1868 715 1912 contra
727 1860 891 1928 fulgentibus
903 1862 991 1926 annis,
1114 1865 1158 1914 55(

324 1929 452 1982 Silvicolae
465 1930 557 1982 Fauno
569 1931 674 1997 Dryope
687 1946 765 1996 quem
777 1930 894 1998 nympha
906 1937 1015 1996 crearat,

324 1999 422 2052 Obvius
434 1999 537 2050 ardenti
550 2016 604 2050 sese
616 1997 720 2051 obtulit.
751 1998 800 2050 Ille
812 2000 921 2051 reducta

323 2068 441 2121 Loricam
453 2068 582 2137 clipeique
594 2069 687 2134 ingens
699 2085 764 2119 onus
776 2069 888 2136 impedit
900 2068 984 2120 basta

323 2137 391 2189 Tum
403 2145 482 2206 caput
495 2138 592 2189 orantis
604 2137 789 2204 nequidquam,
799 2144 826 2188 et
838 2137 923 2188 multa
936 2138 1055 2205 parantis

323 2207 423 2273 Dicere,
436 2207 559 2258 deturbat
571 2213 654 2271 torrae,
668 2212 844 2274 truncumque
856 2213 991 2274 tepentem

323 2274 488 2342 Provolvens‚
501 2293 578 2344 super
591 2276 646 2326 haec
659 2275 765 2326 inimico
777 2282 881 2342 poctorc
893 2277 978 2327 fatur:

326 2345 340 2371 “
348 2344 412 2395 Istic
425 2362 502 2406 nunc,
515 2344 662 2410 metuende,
671 2345 739 2410 Jace.
775 2343 834 2395 Non
847 2349 874 2396 te
886 2344 986 2412 optima
998 2346 1084 2394 mater

324 2413 423 2466 condet
435 2412 517 2478 humi,
529 2412 647 2480 patriove
659 2411 778 2463 onerabit
789 2412 906 2464 membra
918 2412 1054 2481 sepulcro:

324 2482 440 2534 Alitibus
452 2482 569 2548 linquere
581 2481 643 2532 feris
654 2499 660 2542 3
679 2487 727 2532 aut
738 2481 845 2548 gurgite
856 2499 971 2533 mersum

324 2551 403 2602 Unda
414 2551 488 2615 feret,
500 2551 634 2618 piscesque
647 2550 754 2618 impasti
766 2551 876 2602 vulnera
888 2547 1027 2603 larnbent.”

323 2619 452 2671 Protenus
465 2619 589 2671 Antaeum
602 2627 629 2671 et
641 2619 747 2685 Lucam,
760 2620 845 2687 prima
856 2621 964 2687 agmina
976 2621 1067 2687 Turni,

314 2689 501 2763 Persequitur,
513 2689 661 2759 sortemque
672 2689 794 2754 Numam,
807 2689 963 2757 fulvumque
976 2690 1095 2743 Camertc

306 2763 497 2836 Magnanimo
511 2765 658 2821 Volscente
670 2758 921 2836 accumularemus
929 2760 988 2822 agri
1019 2826 1025 2836 ἱ

298 2837 356 2906 Qui
369 2840 432 2897 fuit
444 2840 643 2910 Ausonidum,
655 2841 687 2890 ct
697 2830 791 2887 tacitis
799 2835 923 2894 regnauit
937 2825 1059 2888 milli&
