2700 3242
509 305 675 360 AENEIDOS
694 307 761 361 LIB.
780 306 827 360 IV.
1044 306 1092 357 107

246 409 406 529 Exsequere,
420 408 505 475 Anna,
518 410 584 460 mihi
595 428 601 472 ;
621 409 703 460 solum
714 427 776 460 nam
789 408 903 477 perfidus
915 408 960 460 ille

245 479 284 531 Te
297 496 327 531 co
338 495 388 544 ere,
401 495 509 530 arcanos
522 479 603 529 etiam
615 478 665 529 tibi
678 479 782 530 credere
794 495 902 540 sensus;

246 547 310 599 Sela
321 547 372 599 riri
384 547 476 599 molles
489 547 577 599 aditus
590 554 617 598 et
630 552 748 615 tempora
759 564 842 598 noras.

247 616 270 684 Ι,
283 633 361 684 seror,
374 621 455 684 atque
466 616 569 668 hostem
581 616 694 684 supplex
706 615 786 668 affare
798 615 955 684 superbum:

246 687 275 738 N
275 703 310 739 on
322 703 371 754 ego
383 703 445 739 cum
457 684 557 737 Danais
570 685 708 752 Trujanam
722 687 871 738 exscindere
884 697 990 753 gentem

247 755 346 807 Aulide
355 756 452 823 jurari,
464 754 605 807 classemve
618 755 651 806 ad
665 755 792 822 Pergama
805 757 864 806 misi
876 776 881 817 ;

246 824 273 876 N
274 842 304 876 ec
317 825 400 893 patris
412 825 535 876 Anchisa
548 825 661 876 cinerem
672 843 795 877 manesve
807 827 905 878 revelli.

247 894 302 945 Cur
314 910 373 945 mea
386 894 458 945 dicta
470 899 550 961 negat
563 894 642 945 duras
654 894 793 945 demittere
805 895 833 946 in
846 894 941 946 auresl

248 963 308 1026 Quo
320 961 395 1014 ruitl
414 969 562 1014 extremum
574 963 624 1015 hoc
634 963 735 1014 miserae
748 964 793 1015 det
804 983 901 1015 munus
913 966 1012 1015 amanti
1024 983 1029 1015 :

248 1032 394 1100 Exspectet
406 1031 562 1099 facilemque
574 1032 665 1098 fugam
678 1039 821 1100 ventosque
832 1034 951 1086 ferentes,
1042 1036 1095 1083 430

247 1101 310 1153 Non
319 1103 377 1169 jam
389 1101 542 1168 conjugium
555 1102 703 1168 antiquum,
715 1103 784 1169 quod
797 1103 919 1170 prodidit,
932 1120 982 1167 cre,

248 1169 275 1222 N
276 1188 306 1222 ec
319 1169 429 1238 pulchro
441 1177 473 1221 ut
486 1171 561 1221 Latio
574 1176 668 1237 careat,
681 1188 844 1238 regnumque
856 1173 1003 1238 relinquat:

248 1239 364 1307 Tempus
376 1239 455 1290 inane
467 1245 534 1307 pete,
547 1239 663 1306 requiem
676 1241 843 1308 spatiumque
855 1241 944 1306 fruori,

247 1307 322 1360 Dum
333 1324 393 1359 mea
404 1326 446 1359 me
459 1309 557 1360 victam
570 1309 662 1361 doceat
673 1310 781 1360 fortuna
793 1309 886 1361 delere.

249 1377 406 1429 Extremam
418 1378 487 1429 hanc
500 1395 543 1430 ore
556 1379 824 1445 veniam—miserere
837 1379 946 1430 sororis:

250 1447 337 1511 Quam
349 1447 416 1497 mihi
429 1464 510 1513 quum
523 1447 633 1514 dederis,
646 1447 811 1499 cumulatam
822 1454 906 1498 morte
918 1447 1040 1498 remittet.
1054 1449 1072 1496 .’'

285 1515 393 1567 Talibus
406 1516 496 1567 orabat
507 1534 514 1579 ;
532 1517 649 1584 talesque
661 1517 806 1567 miserrima
818 1516 896 1567 fletus

249 1585 367 1652 Fertque
379 1585 510 1652 refertque
523 1601 599 1636 soror.
630 1583 681 1636 Sed
693 1585 773 1635 nullis
786 1585 830 1634 ille
842 1590 962 1636 movetur

249 1653 380 1719 Fletibus,
393 1659 441 1705 aut
453 1670 528 1705 voces
540 1654 609 1705 ullas
622 1654 767 1705 tractabilis
780 1654 869 1716 audit3

249 1722 320 1774 Fata
332 1722 444 1788 obstant,
458 1722 625 1790 placidasque
637 1722 689 1774 viri
701 1723 764 1773 deus
777 1722 890 1774 obstruit
903 1740 983 1773 aures.
1044 1727 1096 1774 tro

250 1791 291 1843 Ac
310 1787 387 1842 velut
398 1808 495 1843 annoso
507 1790 623 1843 validam
635 1808 718 1859 quum
729 1791 820 1843 robore
833 1810 954 1851 ‹urercunr

249 1860 344 1929 Alpini
355 1859 445 1915 Boreas
457 1881 529 1926 nunc
541 1863 603 1915 hinc
615 1879 688 1914 nnnc
700 1862 806 1914 flatibus
819 1861 893 1914 illinc

250 1930 352 1982 Eruere
364 1930 434 1980 inter
446 1946 472 1981 se
485 1935 588 1981 certant
599 1948 605 1991 3
624 1929 646 1980 it
659 1930 761 1993 strider,
775 1936 802 1981 et
814 1929 867 1980 alte

251 2000 430 2052 Constemunt
441 2003 538 2050 terram
550 2015 673 2048 concusso
687 1999 777 2065 stipite
789 1999 910 2050 frendes:

250 2069 265 2121 I
286 2085 315 2120 sa
326 2068 410 2120 haeret
421 2067 541 2136 scopulis,
554 2073 588 2133 et,
601 2073 731 2133 quantum
744 2069 840 2118 vertice
853 2069 886 2118 ad
899 2085 976 2118 auras

250 2087 393 2204 AEtherius,
405 2142 511 2188 tantum
525 2136 612 2187 radice
625 2136 653 2186 in
666 2137 775 2187 Tartara
787 2137 887 2189 tendit:

251 2206 335 2258 Haud
348 2223 421 2257 secus
433 2205 544 2257 assiduis
557 2205 619 2256 hinc
632 2211 711 2272 atque
724 2205 785 2255 hinc
798 2206 904 2257 vocibus
917 2206 992 2256 lieres

251 2275 394 2341 nunditur,
406 2280 434 2326 et
445 2291 540 2341 magno
553 2276 681 2341 persentit
694 2280 797 2342 pectere
809 2293 901 2326 curas:

251 2344 329 2397 Mens
342 2344 451 2395 immota
462 2349 570 2405 manet;
588 2343 703 2394 lacrimae
716 2343 859 2393 volvuntur
871 2344 968 2396 inanes.

288 2413 356 2464 'llum
369 2430 429 2464 vero
441 2413 536 2464 infelix
548 2413 611 2464 fatis
624 2413 751 2464 exterrita
764 2413 831 2463 Dido
1044 2415 1096 2464 450

251 2482 365 2534 Mortem
380 2488 452 2544 orat;
471 2482 551 2533 taedet
564 2482 622 2533 eceli
635 2499 752 2533 convexa
765 2482 841 2533 tueri.

253 2552 312 2615 Quo
323 2551 408 2618 magis
421 2551 556 2619 inceptum
569 2557 686 2618 peragat,
699 2551 837 2618 lucemque
849 2550 988 2619 relinqunt,

253 2620 337 2686 Vidit,
347 2620 514 2671 thuricremis
527 2638 609 2686 quum
622 2621 690 2672 dena
702 2621 848 2688 imponeret
861 2622 920 2687 aris,

254 2689 423 2743 Horrendum
436 2689 518 2755 dictu,
530 2689 620 2741 latices
633 2690 778 2756 nigrescere
792 2707 883 2756 sacros,

254 2759 377 2836 Fusaqne
388 2759 416 2808 in
430 2758 566 2809 obscenum
580 2777 608 2811 se
622 2767 724 2814 vertere
736 2760 803 2816 rina
815 2779 949 2818 eruerem.

246 2826 309 2875 Hoc
321 2840 404 2873 ”M
414 2825 491 2890 ”Ulli
505 2844 558 2881 Ποῦ
571 2829 627 2900 ipsi
639 2833 726 2892 effata
739 2835 838 2894 cereri.
