2700 3242
281 313 332 363 230
506 308 536 363 P.
550 307 705 361 VIRGILII
723 306 885 361 MARONIS

280 411 412 463 Anchisen
425 411 578 479 genitorem,
591 416 618 462 et
630 409 693 462 vina
704 409 823 477 reponite
835 409 954 462 mensis·

280 479 324 532 Sic
336 479 431 532 deindo
443 480 537 532 effatus
549 479 683 531 frondenti
695 485 813 546 tempora
823 494 896 530 ramo

280 548 322 600 Im
340 549 411 616 licat,
424 555 451 601 et
465 549 628 617 Geniumque
640 548 698 614 loci,
710 548 873 615 primamque
885 547 994 600 deorum

280 567 419 686 Tellurem,
431 618 626 687 Nymphasque,
639 623 666 669 et
678 616 765 668 adhue
777 616 869 684 ignota
880 623 1005 684 precatur

280 685 405 739 Flumina
412 707 419 751 ;
437 693 495 739 tum
508 688 625 750 Noctem,
637 686 782 753 Noctisque
794 686 907 738 orientia
918 686 1003 753 signa,

280 755 434 824 Idaeumque
447 757 466 809 J
468 773 549 823 ovem,
562 755 758 823 Phrygiamque
771 772 804 806 ex
816 755 907 807 ordine
919 755 1044 821 Matrem,

280 824 398 891 Invocat,
410 831 437 877 et
450 825 566 893 duplices
579 825 701 891 Caeloque
713 823 850 891 Ereboque
861 830 991 892 parentes.

280 893 334 946 Hic
346 894 425 947 Pater
438 896 601 962 omnipotens
614 899 654 945 ter
666 893 731 945 eoelo
743 893 829 945 clarus
841 893 875 945 ab
887 893 943 945 alto

280 962 410 1031 Intonuit,
422 964 553 1032 radiisque
566 963 701 1015 ardentem
713 962 780 1014 lueis
793 969 820 1014 et
832 979 896 1014 auro

281 1032 341 1100 Ipse
353 1049 434 1085 manu
446 1033 568 1100 quatiens
580 1032 695 1084 ostendit
707 1031 740 1083 ab
753 1031 850 1084 aethere
861 1031 967 1085 nubem

280 1099 390 1153 Diditur
401 1101 445 1153 hic
458 1101 544 1154 subito
557 1102 668 1168 Trojana
680 1119 728 1170 per
739 1101 847 1168 agmina
858 1118 955 1168 rumor,

280 1169 424 1223 Advenisse
437 1171 513 1238 diem,
526 1188 577 1239 quo
590 1170 680 1222 debita
691 1171 789 1222 moenia
800 1170 923 1222 condant.
957 1232 959 1236 v

281 1239 410 1293 Certatim
421 1241 572 1292 instaurant
584 1240 683 1308 epulas,
696 1246 776 1307 atque
789 1239 875 1291 omine
886 1257 985 1308 magno

283 1308 401 1361 Crateras
413 1309 469 1361 laeti
482 1315 611 1375 statuunt,
625 1315 652 1360 et
664 1309 727 1361 vina
739 1314 871 1362 coronant.

237 1412 266 1449 ἢ
315 1377 423 1431 l'ostera
435 1396 517 1447 quum
529 1378 614 1447 prima
626 1377 757 1430 lustrabat
768 1377 890 1446 lampade
902 1383 986 1432 terras

282 1445 347 1499 Orta
359 1447 421 1514 dies,
434 1448 526 1500 urbem
538 1455 565 1500 et
577 1448 641 1500 fines
654 1453 682 1499 et
693 1447 772 1499 litora
783 1447 870 1515 gentis

280 1515 384 1569 Diversi
402 1517 541 1585 explorant
552 1536 559 1580 ;
577 1517 632 1568 haee
645 1516 726 1568 fontis
738 1523 833 1583 stagna
844 1516 958 1583 Numici,

281 1585 361 1638 Hunc
374 1586 499 1653 Thybrim
510 1586 628 1652 fiuvium,
641 1586 685 1637 hic
697 1586 777 1638 fortes
789 1585 909 1638 habitare
921 1587 1038 1641 latinos.

280 1654 348 1706 Tum
360 1662 432 1708 satus
445 1655 560 1708 Anchisa
572 1655 685 1707 delectos
697 1655 787 1707 ordine
799 1655 832 1706 ab
844 1656 916 1708 omni

281 1723 393 1776 (lentum
405 1731 518 1778 oratores
530 1731 645 1793 augusta
656 1725 691 1776 ad
703 1725 800 1776 moenia
811 1724 880 1791 regis

283 1793 325 1845 lre
333 1794 417 1860 jubet,
429 1795 509 1846 ramis
521 1795 621 1847 velatos
634 1793 751 1846 Palladis
763 1811 859 1860 omnes,

280 1861 408 1932 Donaque
420 1864 487 1915 ferre
499 1864 562 1929 viro,
575 1880 718 1932 pacemque
731 1880 869 1930 exposcere
882 1863 995 1918 Teucris.

281 1930 362 1984 Haud
374 1950 462 1985 mora:
481 1934 608 1985 festinant
617 1933 693 2000 jussi,
705 1932 855 2001 rapidisque
866 1933 991 1986 feruntur

280 2000 409 2055 Passibus
440 2003 500 2123 Ipse
512 2002 608 2054 humili
620 2002 741 2070 designat
753 2002 851 2053 moenia
862 2002 938 2068 fossa,

281 2070 444 2140 Moliturque
467 2089 561 2136 ocum3
579 2072 728 2140 primasque
741 2071 769 2122 in
781 2070 857 2123 litore
870 2072 950 2138 sedes,

281 2140 430 2193 Castrorum
441 2143 471 2193 in
483 2158 589 2207 morem,
602 2141 691 2208 pinnis
703 2147 783 2209 atque
795 2158 890 2208 aggere
902 2141 994 2209 cingit.

280 2209 396 2277 Jamque
408 2211 459 2263 iter
471 2211 576 2277 emensi,
589 2216 674 2262 turres
687 2227 718 2262 ac
730 2216 802 2262 tecta
813 2210 969 2262 latinorum

280 2279 372 2331 Ardua
384 2280 525 2332 cernebant
534 2280 653 2346 juvenes,
665 2296 795 2346 muroque
806 2279 946 2332 subibant:

280 2347 351 2400 Ante
362 2349 454 2401 urbem
466 2351 541 2418 pueri
554 2354 581 2400 et
592 2350 716 2416 primaevo
728 2349 791 2400 tiore
799 2350 928 2415 juventus

280 2417 444 2470 Exercentur
456 2421 537 2487 equis,
549 2418 731 2486 domitantque
743 2419 773 2470 in
784 2418 892 2486 pulvere
904 2435 996 2471 curma
1003 2437 1011 2483 ;

280 2486 336 2539 Aut
349 2505 420 2540 acres
432 2490 547 2541 tendunt
559 2506 642 2554 arcus,
655 2494 703 2540 aut
715 2487 788 2539 lenta
800 2487 904 2540 lacertis

281 2555 388 2624 Spicula
401 2564 581 2626 contorquent,
595 2574 725 2624 cursuque
738 2558 845 2624 ictuque
857 2556 1007 2612 lacessunt:

281 2625 369 2689 Quum
381 2634 526 2694 provectus
539 2645 604 2695 equo
616 2626 729 2693 longaevi
740 2627 809 2692 regis
821 2626 855 2677 ad
867 2643 943 2679 aures

279 2696 306 2750 N
306 2697 401 2748 uneius
412 2697 533 2765 ingentes
545 2698 637 2763 ignota
648 2695 677 2747 in
689 2701 762 2748 veste
773 2700 891 2762 reportat

264 2766 419 2824 Adronisse
432 2769 508 2825 viros.
540 2767 592 2824 ille
604 2767 678 2823 intra
688 2770 763 2819 tecta
770 2765 862 2818 noceri

249 2835 389 2912 Imperat,
404 2847 433 2899 et
444 2843 516 2902 solio
528 2843 642 2901 medius
655 2836 780 2896 consedit
789 2832 873 2889 anilo.
