2700 3242
522 300 689 354 AENEIDOS
706 302 774 356 LIB.
794 303 841 358 VI.
1052 305 1102 355 217

251 404 376 469 Pectore3
393 420 443 456 nec
455 403 527 456 fibris
539 404 643 472 requies
656 403 736 456 datm
748 404 803 456 ulla
814 403 921 458 renatis.
1050 405 1102 455 600

252 474 324 538 Quid
335 490 477 527 memorem
489 473 623 542 Lapithas,
637 473 733 525 Ixiona
744 472 963 541 Pirithoumque?

251 542 323 607 Quos
335 561 414 611 super
425 549 485 595 atra
498 543 584 611 silexj
638 545 697 610 jam
708 543 816 611 lapsura
828 543 986 612 cadentique

252 612 380 664 Imminet
391 612 521 665 assimilis.
551 612 654 663 Lucent
665 612 814 679 genialibus
826 612 889 681 altis

250 682 342 734 Aurea
352 682 439 734 fulcra
451 682 523 749 toris,
536 681 674 749 epulaeque
686 688 749 734 ante
762 699 808 734 ora
819 688 919 750 paratae

250 751 370 819 Regifico
382 751 451 803 luxu
458 770 465 815 ;
484 751 626 803 Furiarum
638 752 756 803 maxima
764 752 847 819 juxta

249 820 380 887 Accubat,
393 827 421 872 et
432 820 555 872 manibus
567 819 690 887 prohibet
702 821 855 888 contingere
866 837 978 888 mensas,

249 889 433 958 Exsurgitque
444 891 531 942 facem
543 890 674 955 attollens,
689 896 770 958 atque
783 890 888 942 intonat
900 907 951 944 ore.

250 959 314 1021 Hic,
327 959 423 1027 quibus
435 959 514 1012 invisi
525 960 628 1026 fratres,
641 958 706 1010 dum
718 959 776 1011 vita
786 959 919 1027 manebat,

250 1027 412 1081 Pulsatusve
423 1045 525 1096 parens,
537 1034 565 1080 et
577 1028 649 1080 fraus
662 1028 762 1081 innexa
774 1029 866 1081 clienti
877 1048 884 1093 ;

249 1098 309 1150 Aut
321 1098 368 1165 qui
379 1097 480 1150 divitiis
494 1098 542 1150 soli
554 1097 698 1150 incubuere
709 1099 827 1166 repertis,
1050 1102 1103 1151 610

248 1167 308 1219 Nec
319 1173 543 1289 partemaposuere
556 1167 618 1233 suis,
631 1184 688 1236 quae
700 1168 819 1220 maxima
831 1167 910 1220 turbu
922 1175 962 1220 ost
974 1186 981 1232 ;

250 1237 357 1306 Quique
369 1237 402 1289 ob
447 1237 574 1289 ulterium
587 1236 665 1301 caesi;
684 1237 781 1305 quique
793 1254 868 1289 arma
880 1239 964 1289 secuti

249 1305 346 1375 Imma,
359 1322 408 1359 nec
419 1306 498 1359 veriti
511 1306 678 1357 dominorum
690 1307 782 1358 fallere
794 1307 945 1372 dextras,-

249 1375 353 1428 Inclusi
364 1393 471 1444 poenam
482 1381 645 1444 exspectant.
676 1376 717 1428 Ne
729 1392 817 1444 quaere
830 1376 925 1443 doceri,

250 1444 339 1509 Quam
351 1462 456 1514 poenam
466 1464 474 1510 ;
492 1452 540 1498 aut
551 1462 611 1512 quae
624 1445 708 1497 forma
720 1446 789 1497 viros
800 1446 941 1498 fortunave
952 1445 1051 1501 mersit

249 1513 353 1567 Saxum
364 1515 458 1583 ingens
470 1514 582 1568 volvimt
594 1515 649 1582 alii,
661 1515 776 1567 radiisve
787 1522 906 1567 rotarum

249 1583 375 1636 Distrioti
420 1585 504 1637 ndent
512 1603 519 1648 ;
538 1584 619 1651 sedet,
632 1590 814 1652 aeternumque
827 1584 936 1652 sedebit,

249 1653 353 1705 Infelix
407 1671 480 1706 eseus
488 1673 495 1718 ;
514 1654 698 1722 Phlegyasque
709 1654 871 1706 miserrimus
884 1671 974 1707 omncs

249 1723 393 1790 Admonet,
405 1727 432 1775 et
443 1740 542 1792 magna
553 1729 669 1775 testatur
681 1741 744 1776 voce
756 1741 804 1792 per
815 1723 921 1776 umbras
932 1742 937 1776 :

247 1792 366 1844 ‘Discite
377 1794 511 1861 justitiam
522 1794 625 1852 moniti,
638 1800 664 1847 et
676 1812 731 1847 non
743 1801 860 1849 temnere
873 1792 966 1848 divos’
1049 1796 1102 1846 620

250 1859 381 1913 Vendidit
393 1860 437 1911 hie
449 1876 513 1911 auro
525 1858 648 1927 patriam,
662 1857 851 1926 dominumque
863 1864 999 1927 potentem

248 1929 400 1999 Imposuit;
417 1928 478 1981 fixit
490 1929 562 1996 leges
573 1928 659 1995 pretio
671 1934 752 1993 atque
764 1928 854 1979 refixit
864 1946 869 1980 :

248 2000 305 2053 Hic
318 1998 466 2052 thalamum
478 1997 577 2051 invasit
589 2003 660 2049 natae
673 1997 821 2065 vetitosque
834 1997 997 2065 hymeneos:

249 2069 319 2122 Ausi
330 2085 419 2121 omnes
431 2068 547 2120 immane
558 2067 641 2133 nefas,
653 2083 769 2134 ausoque
781 2067 867 2135 potiti.

249 2139 321 2206 Non,
332 2138 399 2189 mihi
411 2137 433 2190 si
444 2138 545 2204 linguae
557 2143 665 2189 centum
678 2137 740 2203 sint,
753 2153 849 2204 oraque
862 2140 977 2202 centum,

248 2208 349 2261 Ferrea
359 2224 420 2275 vox,
432 2224 521 2259 omnes
534 2207 661 2258 scelerum
674 2206 859 2273 comprendere
871 2206 976 2272 formas,

246 2277 346 2333 Omnia
358 2294 496 2346 poenarum
508 2294 659 2346 percurrere
673 2277 782 2328 nomina
793 2273 915 2345 possim.’'

285 2346 352 2399 Haec
363 2346 410 2399 ubi
422 2347 495 2400 dicta
507 2346 581 2398 dedit
591 2345 686 2398 Phoebi
698 2345 818 2412 longeva
830 2344 964 2396 sacerdos:

247 2417 264 2447 “
272 2416 325 2471 Sed
333 2417 391 2484 jam
403 2433 460 2484 age,
472 2432 550 2483 carpe
562 2415 641 2479 viam,
655 2422 683 2467 et
696 2418 848 2481 susceptum
861 2413 955 2481 perfice
966 2427 1064 2463 munus
1075 2429 1082 2474 ς

248 2485 456 2553 Acceleremus,''
469 2486 523 2538 ait:
543 2484 558 2512 “
568 2484 715 2553 Cyclopum
727 2483 824 2536 educta
836 2482 947 2534 caminis
1049 2483 1101 2533 630

248 2556 352 2611 Moenia
364 2555 501 2624 conspicio,
514 2559 594 2622 atque
606 2553 716 2606 adverso
728 2553 828 2604 fornico
841 2558 937 2619 portas,

250 2626 319 2679 Haec
330 2623 377 2677 ubi
388 2641 436 2677 nos
447 2629 579 2692 praecepta
587 2624 686 2691 jubent
698 2623 828 2689 deponere
841 2619 936 2672 dona.‘'

247 2695 369 2760 Dixerat,
381 2699 410 2747 et
420 2694 519 2762 pariter
531 2694 613 2760 gressi
625 2710 672 2761 per
686 2708 768 2759 opaca
780 2691 884 2743 viarum

249 2762 403 2835 Corripiunt
414 2763 528 2831 spatium
539 2762 668 2831 medium,
682 2760 841 2835 foribusque
851 2755 1056 2834 propinquant
