2700 3242
245 286 246 292 ,
355 233 408 284 336
588 228 617 282 P.
631 227 787 282 VIRGILII
804 227 969 286 MARONIS

356 330 454 383 Horret
527 369 534 396 ,
546 330 684 398 campique
696 329 775 382 armis
787 326 942 382 sublimibus
953 329 1056 386 ardent

245 456 246 462 ,
356 399 382 451 N
382 417 411 451 ec
422 416 476 451 non
519 416 624 467 essapus
636 404 734 464 contra,
747 398 893 466 celeresque
905 398 1003 466 Latini,

356 467 392 520 Et
404 485 464 520 eum
476 468 558 520 fratre
571 469 654 533 Coras,
667 473 695 519 et
705 467 816 534 virginis
827 468 871 520 ala
883 468 1007 535 Camillae,

245 531 246 544 ¹
355 536 467 589 Adversi
479 553 537 588 cam
583 541 718 605 apparent,
730 537 871 605 hastasque
882 537 1000 589 reductis

356 604 523 658 Protendunt
544 623 611 673 enge
623 605 731 672 dextris,
744 611 771 657 et
783 605 884 672 spicula
896 605 1001 659 vibrant
1013 625 1020 670 ;

244 674 246 679 ’
355 673 547 742 Adventusque
559 675 646 728 virum
657 674 831 741 fremitusque
842 674 954 727 ardescit
966 692 1101 744 equorum.

356 743 472 812 Jamque
484 743 555 796 intra
562 745 666 811 jactum
678 743 726 795 tcli
739 760 888 810 progressus
900 751 1011 812 uterque

356 811 533 866 substiterat:
552 812 639 866 subito
651 819 794 880 erumpunt
806 812 924 878 elamore,
936 813 1130 883 trementesque
1137 816 1153 846 ⁸

357 881 541 934 Exhortantur
552 897 631 948 equos
643 900 650 945 ;
668 881 786 932 fundunt
798 881 877 933 simul
889 881 1006 948 undique
1018 883 1072 936 tela
1151 888 1166 937 6

356 950 452 1003 Crebra
463 950 531 1003 nivis
543 950 605 1016 ritu,
618 949 765 1017 coelumque
777 950 912 1002 obtexitur
924 950 1025 1004 umbra

356 1019 486 1073 Continuo
498 1019 612 1071 adversis
623 1019 773 1086 Tyrrhenus
785 1024 812 1071 et
824 1035 883 1071 acer
894 1018 1028 1072 Aconteus

356 1088 470 1141 Oonnixi
482 1088 621 1140 incurrunt
633 1087 723 1152 hastis,
736 1088 867 1156 primique
878 1088 984 1140 ruinam

355 1156 429 1210 Dant
441 1157 529 1210 sonitu
540 1157 650 1224 ingenti,
663 1157 846 1225 perfractaque
858 1157 1107 1226 quadrupedantum

355 1225 466 1279 Pectore
477 1225 625 1295 pectoribus
636 1235 773 1295 rumpunt.
808 1225 940 1278 Excussus
952 1227 1088 1280 Aconteus

356 1294 487 1348 Fulminis
499 1296 527 1347 in
539 1312 644 1361 morem,
656 1302 705 1347 aut
715 1301 844 1346 tormento
856 1295 978 1362 ponderis
990 1297 1052 1364 acti,

356 1363 510 1433 Proecipitat
521 1364 606 1431 longe,
619 1370 646 1416 et
658 1365 741 1416 vitam
753 1363 881 1431 dispergit
892 1364 921 1415 in
933 1381 1019 1418 auras.

355 1432 496 1502 Extemplo
508 1432 620 1486 turbatae
632 1433 708 1500 acies,
720 1433 840 1500 versique
852 1433 942 1485 Iratini

356 1501 491 1572 Rejiciunt
502 1519 613 1570 parmas,
625 1508 652 1554 et
664 1519 743 1570 equos
755 1502 790 1554 ad
801 1503 899 1554 moenia
910 1508 1025 1555 vertunt.

356 1572 435 1626 Trois
447 1578 532 1640 agsmt
543 1591 550 1636 ;
569 1571 690 1640 princeps
702 1578 803 1624 turmas
814 1571 919 1623 inducit
931 1571 1031 1638 Asylas.
1149 1576 1166 1626 6

355 1641 471 1710 Jamque
483 1640 698 1709 propinquabant
728 1641 798 1707 ortis,
810 1658 952 1708 rursusque
963 1640 1053 1693 Latini

356 1711 501 1763 Clamorem
512 1710 619 1776 tollunt,
632 1715 659 1761 et
670 1727 713 1761 mo
737 1710 742 1721 ”
773 1709 841 1762 colla
851 1709 991 1761 reflectunt
1003 1729 1010 1774 ;

356 1779 394 1832 Hi
405 1780 521 1847 fugiunt,
552 1778 690 1846 enitusque
702 1779 771 1831 datis
783 1779 934 1830 reseruntur
945 1778 1061 1832 habenis.

357 1848 448 1912 Qualis
460 1849 507 1900 ubi
519 1796 620 1900 alterno
631 1865 785 1916 procurrens
797 1848 903 1915 gurgite
915 1853 1011 1915 pontus

252 1930 254 1935 ·
356 1917 434 1970 Nunc
446 1917 501 1970 ruit
513 1917 547 1970 ad
559 1924 649 1984 terras,
662 1917 833 1985 scopulosque
846 1917 988 1985 superjacit
999 1916 1100 1969 undam

356 1986 492 2056 Spumeus,
506 1993 702 2054 extremamque
714 1986 774 2037 sinu
786 1986 923 2053 perfundit
934 2002 1042 2038 arenam
1052 2005 1060 2049 ;

355 2055 434 2108 Nunc
446 2056 554 2124 rapidus
565 2061 642 2122 retro,
654 2061 734 2122 atque
747 2061 813 2107 aestu
825 2055 945 2107 revoluta
955 2054 1090 2108 resorbens

355 2125 426 2178 Saxa
437 2126 515 2193 fugit,
528 2126 643 2192 litusque
655 2125 722 2176 vado
734 2124 839 2176 labente
850 2124 983 2191 relinquit.

354 2194 400 2246 Bis
412 2195 489 2246 Tusci
503 2194 613 2246 Rutulos
625 2211 700 2261 egere
712 2194 746 2245 ad
758 2194 855 2246 moenia
867 2210 952 2245 versos
965 2211 972 2246 :

354 2263 400 2315 Bis
411 2263 503 2332 rejecti
515 2263 594 2316 armis
605 2269 755 2331 respectant
767 2269 841 2329 terga
852 2268 978 2330 tegentes.
1150 2268 1166 2318 6

354 2331 443 2385 Tertia
456 2333 501 2384 sed
514 2338 652 2401 postquam
665 2331 795 2400 congressi
808 2333 836 2383 in
848 2331 947 2400 proelia,
960 2336 1030 2384 totas

354 2400 511 2470 Implicuere
523 2402 593 2453 inter
606 2418 632 2453 se
644 2401 720 2466 acies,
733 2401 850 2468 legitque
861 2401 948 2453 virum
960 2401 1017 2453 vir:

353 2469 421 2522 Tum
434 2488 493 2523 vero
506 2477 533 2523 et
544 2470 658 2537 gemitus
669 2471 836 2537 morientum,
849 2476 877 2522 et
889 2470 1057 2537 sanguinein
1069 2469 1126 2524 alto

239 2597 242 2601 ,
353 2544 492 2607 Armaque,
506 2557 670 2607 corporaque,
683 2545 711 2591 et
723 2540 848 2607 permixti
860 2540 931 2591 caede
942 2540 1060 2592 virorum

226 2640 234 2673 ,ε
347 2606 514 2662 Semanimes
526 2608 670 2663 volvuntur
682 2610 743 2676 equi
755 2627 761 2672 ;
780 2626 870 2677 pugna
881 2626 973 2677 aspera
985 2609 1079 2676 surgit.

187 2678 230 2744 ,'‘'
340 2679 499 2738 Orsilochus
513 2679 632 2750 Remuli,
643 2679 747 2752 quando
757 2678 845 2747 ipsum
855 2678 977 2730 horrebat
988 2678 1071 2746 adire,

328 2751 459 2813 Hastam
471 2756 589 2814 intorsit
603 2772 684 2826 equo,
694 2753 847 2817 tetrumque
857 2745 907 2799 sib
916 2747 1113 2812 asserebamus

710 2854 725 2878 ⁸
739 2846 873 2891 iurentisquo
