2700 3242
525 289 694 345 AENEIDOS
712 292 778 346 LlB.
799 294 843 348 vl.
1055 303 1105 350 215

260 388 332 452 Quid
344 388 447 441 mororl
465 389 618 458 irrumpunt
630 392 762 456 thalamo;
780 410 865 445 cemes
877 395 983 449 additus
996 415 1050 449 una

259 457 390 510 Hortater
403 459 530 510 scelerum
542 459 665 513 AEolides.
696 462 738 527 Di,
752 463 817 515 talia
830 465 914 516 Graiis

259 526 428 591 Instaurate;
446 528 489 594 pio
503 528 524 579 si
537 546 627 595 poenas
639 547 682 582 ere
694 547 805 598 reposco.
1054 540 1106 589 530

257 595 310 648 Sed
323 603 351 648 te
364 596 410 663 qui
423 597 513 648 vivum
526 607 608 664 casus,
621 615 669 665 age
681 600 737 651 fure
750 601 871 667 vicissim,

256 665 417 718 Attulerint.
447 665 573 733 Pelagine
586 668 659 719 venis
671 669 801 720 erroribus
813 677 897 737 aetus,

257 735 302 786 An
313 735 418 786 monitu
430 734 539 786 divuml
557 753 592 786 an
606 753 665 803 quae
679 743 705 788 te
717 738 824 790 fortuna
837 741 940 808 fatigat,

258 803 296 856 Ut
308 804 398 855 tristes
410 803 465 856 sine
477 803 530 856 sele
543 805 638 871 demes,
651 806 709 858 loca
721 807 834 872 turbida,
848 810 932 862 adires
943 809 967 863 't''

258 872 318 925 Hae
331 873 388 925 rice
400 890 549 924 sermonum
560 875 639 926 reseis
652 875 754 928 Aurora
767 878 900 945 quadrigis

256 943 322 995 Jam
334 943 451 994 medium
463 943 569 994 aetherio
582 961 661 995 eursu
674 948 812 1013 trajecerat
826 964 917 1012 axem3

256 1011 293 1063 Et
305 1012 359 1063 fors
370 1029 446 1063 omne
459 1012 551 1064 datum
564 1013 699 1065 traherent
711 1031 758 1081 per
769 1015 834 1068 talia
846 1022 964 1086 tempus:

255 1079 308 1132 Sed
322 1097 407 1133 cemes
419 1081 564 1148 admonuit,
576 1082 742 1151 breviterque
754 1084 835 1136 affata
847 1085 948 1154 Sibylla
961 1095 1013 1142 est:

256 1147 342 1203 “Nox
354 1151 415 1216 ruit,
429 1153 528 1211 AEnea;
547 1165 593 1200 nos
605 1148 692 1198 flendo
705 1149 824 1200 ducimus
838 1150 921 1203 heras.

256 1217 311 1270 Hie
324 1218 396 1270 loeus
408 1225 454 1284 est,
467 1226 554 1287 partes
566 1217 610 1270 ubi
623 1236 649 1270 se
661 1218 705 1271 via
717 1217 795 1268 findit
808 1217 836 1269 in
848 1219 950 1272 ambas:
1047 1229 1099 1275 {tto

255 1285 383 1354 Dextera,
395 1305 453 1356 quae
466 1288 536 1340 Ditis
548 1288 639 1356 magni
651 1288 700 1339 sub
712 1289 809 1339 munia
822 1288 917 1354 tendit,

256 1355 317 1409 Hae
329 1357 381 1408 iter
393 1357 512 1425 Elysium
524 1357 614 1409 nobis:
632 1364 661 1409 at
673 1357 739 1409 laeva
751 1357 878 1409 spalorum

258 1425 373 1477 Exercet
384 1442 481 1493 poenas,
494 1433 520 1478 et
532 1428 566 1478 ad
578 1427 659 1493 impia
671 1428 781 1478 Tartara
792 1424 904 1477 mittit.”

258 1494 413 1561 Deiphobus
425 1505 531 1547 eontra:
550 1495 614 1548 “Ne
626 1497 695 1562 saevi,
707 1513 804 1561 magna
816 1494 932 1546 sacerdos
945 1513 952 1555 ;

257 1562 405 1628 Discedam,
419 1564 528 1631 explebo
540 1582 686 1629 numerum,
699 1565 843 1631 reddarque
856 1563 976 1615 tenebris.

257 1632 272 1684 I
285 1632 373 1698 decus,
385 1633 402 1696 i,
414 1639 533 1684 nostrum
546 1654 551 1698 ;
569 1633 720 1685 melioribus
732 1640 805 1686 utere
818 1631 905 1683 fatis.”

253 1700 371 1753 Tantum
383 1700 484 1767 effatus,
496 1707 523 1752 et
535 1700 563 1751 in
575 1699 653 1751 verbo
665 1699 777 1766 vestigia
789 1701 872 1752 torsit.

289 1769 408 1838 Respicit
419 1769 516 1821 AEneas
528 1769 622 1834 subite,
635 1774 662 1820 et
674 1768 723 1820 sub
734 1787 800 1837 rupe
813 1769 919 1821 sinistra

252 1838 355 1892 Moenia
366 1838 422 1891 lata
433 1839 513 1905 ridet,
526 1838 624 1906 triplici
637 1838 800 1890 circumdata
811 1856 899 1890 muro:

253 1909 321 1972 Quae
333 1908 440 1977 rapidus
451 1907 564 1960 flammis
576 1906 659 1958 ambit
670 1907 831 1959 terrentibus
843 1908 928 1959 amnis
1045 1913 1096 1958 tte

252 1978 394 2031 Tartareus
406 1977 578 2044 Phlegethon,
591 1983 749 2043 torquetque
761 1977 882 2029 sonantia
895 1994 965 2028 sexa.

252 2046 335 2100 Perta
346 2047 461 2114 adversa,
474 2047 574 2113 ingens,
587 2046 720 2113 solidoque
732 2046 873 2097 adamante
885 2045 1026 2098 eolumnae:

253 2117 302 2168 Vis
314 2122 346 2169 ut
358 2116 432 2169 nulla
444 2117 539 2181 virum,
551 2133 603 2166 non
616 2115 666 2182 ipsi
679 2115 830 2166 exscindere
843 2116 911 2166 ferro

252 2186 382 2239 Goelieolae
394 2185 507 2238 valeant.
538 2183 597 2236 Stat
609 2185 693 2236 ferrea
706 2184 786 2235 turris
798 2185 832 2236 ad
844 2201 921 2236 auras
932 2203 940 2248 ;

251 2255 445 2323 Tisiphoneque
458 2255 556 2319 sedens,
568 2255 639 2322 palla
652 2254 786 2305 succincta
798 2262 914 2318 eruenta,

252 2323 421 2377 Vestibulum
433 2323 563 2376 exsomnis
576 2329 662 2375 servat
674 2328 814 2390 noctesque
827 2323 939 2390 diesque.

251 2393 325 2445 Hine
338 2394 458 2446 exaudiri
470 2393 590 2460 gemitus,
603 2399 629 2444 et
642 2410 712 2444 saeva
724 2409 815 2444 sonare

251 2462 384 2527 Verbera;
401 2469 459 2515 tum
472 2462 567 2514 stridor
579 2462 649 2527 ferri,
661 2468 807 2528 tractaeque
820 2466 927 2514 catenae.

252 2532 379 2586 Constitit
390 2532 493 2592 AEneaa
507 2531 699 2600 strepitumque
711 2531 852 2582 exterritus
865 2531 961 2582 hausit.

252 2601 267 2626 “
277 2599 344 2658 Quae
356 2598 483 2650 scelerum
494 2597 574 2650 facies
584 2597 594 2650 l
612 2617 627 2650 o
639 2601 721 2667 virgo,
734 2599 827 2653 effare:
846 2602 972 2668 q·;ibusve
1045 2606 1097 2655 560

251 2667 387 2734 Urgentur
399 2666 503 2734 poenisl
523 2667 569 2734 qui
583 2674 672 2720 tantus
686 2669 795 2736 plangor
807 2670 840 2722 ad
853 2688 928 2722 auras
942 2670 968 2722 ''l'’

251 2737 321 2789 Tum
333 2741 406 2788 vates
418 2737 455 2788 sie
467 2753 525 2788 orsa
536 2736 607 2806 loqui
620 2756 625 2792 :
645 2740 659 2764 “
670 2739 734 2793 Dur
745 2739 1009 2811 inelyte'leuerum,

247 2805 326 2857 Nulli
333 2805 376 2856 fas
387 2810 459 2859 caste
470 2806 632 2866 sceleratum
644 2811 775 2871 insistere
783 2814 896 2878 liment
