2700 3242
497 283 662 338 AENEIDOS
680 282 749 338 ΜΒ.
765 281 829 336 XII.
1037 281 1088 332 347

242 389 279 443 Et
291 406 341 456 me,
354 387 450 456 Turne,
462 393 587 441 manent:
606 385 686 439 simul
697 387 754 439 haec
765 385 852 440 invisa
862 383 1012 452 relinquam

243 459 366 526 Lumina,
377 474 426 510 nec
438 474 565 525 generum
576 457 681 508 AEneen
693 455 799 524 captive
810 453 925 508 videbo?

244 528 356 597 Accepit
368 543 458 580 vocem
469 526 585 578 lacrimis
598 525 709 578 Lavinia
719 525 813 577 matris

244 597 400 665 Flagrantes
412 595 519 664 perfusa
530 612 627 663 genas:
647 595 690 647 cui
702 594 833 662 plurimus
844 593 935 660 ignem

245 665 363 734 Subjecit
375 665 462 731 rubor,
474 670 502 716 et
514 665 642 716 calefacta
654 681 701 732 per
712 681 758 716 ora
770 662 894 716 cucurrit.

245 736 344 788 Indum
357 734 501 801 sanguineo
513 733 597 786 ueluti
609 733 750 786 violaverit
761 738 831 785 ostro

244 804 274 857 si
286 804 346 872 quis
358 803 430 871 ebur,
442 808 491 855 aut
502 803 589 854 mixta
600 803 697 854 rubent
709 801 756 854 ubi
767 802 825 853 lilia
837 799 923 852 multa

245 873 315 926 Alba
326 889 402 926 rosa:
421 872 483 925 talis
495 872 569 940 virgo
581 872 662 924 debat
674 888 718 923 ore
730 871 833 923 colores.

246 942 328 996 Illum
340 942 432 994 turbat
444 958 523 1007 arnor,
536 941 647 1009 figitque
659 941 688 993 in
700 940 803 1007 virgine
815 938 924 992 vultus:
1058 935 1092 988 70

245 1011 330 1064 Ardet
342 1011 372 1063 in
384 1027 458 1064 erma
469 1010 561 1078 magis,
573 1010 718 1078 paucisque
730 1010 829 1061 affatur
840 1009 981 1060 Amatam:

250 1086 265 1112 ⁸⁴
275 1082 322 1148 Ne,
334 1098 431 1150 quaeso,
444 1098 478 1132 ne
491 1098 532 1133 me
545 1082 666 1147 lacrimis,
678 1098 744 1133 neve
757 1079 844 1130 omine
856 1082 930 1128 tanto

247 1149 407 1218 Prosequere
419 1148 448 1200 in
460 1148 521 1200 dun*
533 1148 679 1200 certamina
691 1148 787 1199 Martis
799 1154 914 1211 euntem,

248 1218 270 1271 0
282 1223 383 1271 mater:
401 1234 487 1285 neque
500 1218 571 1268 enim
583 1218 671 1269 Turno
683 1234 756 1268 mora
768 1216 851 1268 libera
863 1213 962 1266 mortis.

247 1287 369 1340 Nuncius
380 1287 438 1339 haec
451 1287 546 1338 Idmon
559 1286 675 1353 Phrygio
687 1303 747 1337 inea
759 1285 832 1337 dicta
843 1291 956 1352 tyranno

247 1356 331 1410 Haud
343 1356 475 1425 placitura
486 1355 571 1408 refer:
591 1355 681 1418 Quum
692 1355 808 1422 primum
820 1353 936 1405 crastina
947 1351 1012 1403 coelo

248 1426 373 1478 Puniceis
385 1425 492 1477 invecta
503 1425 567 1476 rotis
580 1424 683 1476 Aurora
694 1422 817 1488 rubescit,

246 1495 274 1547 N
274 1512 309 1547 on
321 1494 434 1546 Teucros
446 1499 509 1562 agat
521 1494 550 1545 in
564 1493 693 1545 Rutulos:
711 1492 842 1544 Teucrum
854 1507 928 1543 arma
939 1491 1076 1557 quiescant

247 1564 285 1617 Et
297 1563 445 1616 Rutulum:
464 1569 552 1616 nostro
565 1563 720 1614 dirimamus
733 1561 860 1628 sanguine
872 1559 989 1612 bellum:

249 1633 300 1685 Illo
312 1638 448 1701 quaeratur
459 1635 557 1700 conjux
569 1631 680 1683 Lavinia
693 1627 807 1699 campo.''
1060 1630 1094 1679 80

283 1702 350 1754 Haec
361 1700 409 1753 ubi
422 1701 494 1754 dicta
506 1701 587 1768 dedit,
600 1701 759 1770 rapidusque
771 1701 800 1752 in
811 1703 883 1752 tecta
894 1698 1008 1765 recessit,

248 1771 338 1824 Poscit
349 1787 436 1838 equos,
448 1771 599 1838 gaudetque
611 1775 689 1822 tuens
701 1776 763 1822 ante
775 1787 820 1822 ora
831 1771 978 1835 frementes,

249 1840 375 1893 Pilumno
386 1856 451 1907 quos
463 1840 522 1907 ipsa
534 1839 613 1892 decus
626 1839 700 1891 dedit
712 1839 834 1907 Orithyia
844 1858 852 1904 ;

250 1910 304 1974 Qui
316 1909 428 1961 candore
439 1908 513 1961 nives
526 1909 665 1975 anteirent,
679 1908 797 1960 cursibus
809 1924 894 1960 auras.

250 1980 428 2033 Circumstant
440 1977 544 2046 properi
556 1977 662 2044 aurigae,
674 1977 848 2044 manibusque
859 1977 992 2028 lacessunt

250 2048 360 2100 Pectora
372 2046 466 2115 plausa
478 2047 556 2114 cavis,
569 2052 596 2098 et
609 2046 676 2098 colla
688 2047 820 2099 comantia
831 2050 949 2113 pectunt.

250 2117 311 2186 Ipse
324 2116 420 2168 dehinc
433 2133 497 2168 auro
509 2115 673 2184 squalentem
686 2116 797 2183 alboque
809 2113 939 2166 orichalco

251 2185 405 2239 circumdet
417 2185 525 2237 loricam
538 2185 653 2237 humeris
665 2203 671 2248 ;
690 2185 769 2236 simul
781 2188 857 2252 aptat
869 2181 990 2234 habendo

250 2257 400 2322 Ensemque
413 2254 581 2323 clipeumque
593 2260 621 2306 et
632 2253 719 2306 rubrae
732 2270 830 2305 cornua
842 2253 973 2315 cristae,-

250 2325 357 2390 Ensem,
370 2340 449 2391 quem
460 2323 556 2376 Dauno
568 2323 718 2391 ignipotens
732 2323 795 2374 deus
807 2322 863 2390 ipse
876 2320 980 2388 parenti
1061 2323 1095 2372 90

251 2393 370 2460 Fecerat,
382 2398 409 2445 et
422 2393 516 2460 Stygia
528 2393 686 2445 candentem
698 2393 816 2444 tinxerat
827 2391 907 2444 unda

250 2463 331 2530 Exin,
344 2479 402 2531 quse
414 2463 507 2514 mediis
520 2461 623 2529 ingenti
635 2461 735 2514 adnixa
746 2460 876 2513 columnae

251 2532 363 2585 AEdibus
376 2531 506 2598 adstabat,
518 2531 635 2584 validam
646 2531 674 2583 vi
687 2530 795 2598 corripit
807 2530 918 2594 hastam,

251 2601 355 2654 Actoris
367 2601 488 2653 Aurunci
500 2600 612 2668 spolium
624 2618 631 2664 ;
650 2605 807 2668 quassatque
819 2602 983 2662 trementem,

253 2672 422 2725 vociferans:
441 2672 455 2698 ‘⁶
467 2672 555 2735 Nunc,
568 2687 583 2722 o
595 2684 732 2737 nunquam
745 2669 872 2719 frustrata
884 2677 992 2719 vocatus

253 2741 340 2793 Hasta
351 2757 430 2806 meos,
441 2757 513 2792 nunc
526 2744 630 2808 tempus
642 2739 717 2791 adest
729 2756 738 2803 ·,
754 2742 783 2790 te
792 2737 934 2790 maximus
946 2737 1046 2793 netur,

252 2811 291 2863 Te
302 2809 383 2861 Turni
393 2826 467 2863 nunc
478 2809 576 2866 dextra
589 2809 669 2884 gerit.
701 2809 753 2866 Da.
761 2815 888 2864 sternere
899 2815 1015 2867 corut&
