2700 3242
391 300 558 356 AENIlIDOS
576 302 643 357 LIB.
662 304 708 359 IX.
925 304 977 359 27⁷

222 401 252 454 u'c
264 419 325 454 cum
337 403 434 472 spoliis,
447 404 550 472 ingenti
563 405 634 457 oaede
645 411 760 473 peracte,

230 472 349 524 cernetis.
385 472 411 524 N
411 491 441 525 ec
453 491 500 524 nos
512 475 555 526 vie
567 474 638 526 fallit-
650 481 742 526 euntes
753 493 758 527 :

222 557 254 592 us
266 540 381 593 obscuris
392 542 507 610 primam
519 543 567 595 sub
580 543 693 594 vallibus
706 543 797 595 urbem

222 626 237 660 u
249 609 353 662 assiduo
366 617 393 663 et
404 617 492 663 totum
504 613 673 678 cognovimus
686 629 797 664 emnem.

222 678 272 729 inis
283 679 371 745 gravis
383 685 464 747 etque
476 681 558 731 enimi
570 687 690 731 maturus
704 681 810 733 Aletes:

222 747 264 813 rii,
276 764 387 814 quorum
400 765 501 816 semper
512 749 561 800 sub
573 750 682 801 numine
694 750 771 817 Troje
782 754 829 817 est,

222 832 291 867 tmen
303 818 409 869 omnino
421 817 532 869 Teucros
545 817 631 869 delere
642 820 749 886 paretis,

231 884 296 936 tales
309 886 409 937 animos
418 887 548 953 juvenum
561 893 656 940 ettam
669 893 740 940 certo
753 886 852 940 tulistis

222 950 265 1003 uf
290 950 333 1002 Sic
340 966 496 1018 memorans,
506 950 627 1002 humeros
636 951 794 1019 dextrasque
805 953 911 1007 tenebat
924 957 977 1007 250

222 1036 282 1083 rum,
295 1024 322 1071 et
334 1019 440 1072 vultum
452 1019 567 1071 lacrimis
579 1028 660 1087 atque
673 1037 718 1072 ora
729 1022 849 1088 rigabat:

235 1087 313 1155 vobis,
326 1105 385 1158 quse
398 1088 485 1155 digna,
499 1089 556 1155 viri,
570 1106 616 1157 pro
627 1089 751 1140 laudibus
765 1092 823 1141 istis

222 1158 243 1209 io
254 1174 329 1225 posse
339 1175 398 1210 reor
410 1157 475 1209 solvi
487 1157 497 1209 l
515 1156 692 1224 pulcherrima
704 1159 820 1224 primum

221 1243 312 1294 resque
324 1226 426 1278 dabunt
438 1226 518 1279 vestri
529 1246 536 1289 ;
554 1233 612 1277 tum
625 1233 712 1277 cetera
723 1225 815 1277 reddet

222 1313 259 1346 rm
271 1296 331 1364 pius
343 1295 446 1361 AEneas,
459 1301 539 1363 etque
551 1295 653 1361 integer
665 1295 715 1346 aeri

222 1365 265 1431 ius,
278 1365 365 1416 meriti
378 1365 448 1416 tenti
460 1381 513 1416 non
525 1364 661 1415 immemor
672 1380 798 1430 unquam.

228 1450 275 1500 ego
286 1450 339 1497 vos,
353 1434 397 1484 oui
409 1433 464 1485 sols
477 1433 546 1485 salus
558 1433 676 1500 genitore
689 1433 805 1498 reducto,

222 1502 238 1553 it
252 1503 386 1567 Ascanius,
399 1520 447 1570 per
458 1520 574 1569 magnos,
587 1503 656 1567 Nise,
670 1501 789 1567 Penates,

222 1571 303 1639 coique
314 1571 415 1637 Larem,
427 1578 454 1623 et
467 1589 539 1623 conae
552 1571 699 1640 penetralia
712 1571 807 1638 Vestae,

222 1657 253 1692 or
264 1657 477 1708 :—qusecumque
489 1640 555 1691 milri
567 1642 674 1692 fortune
686 1639 803 1707 fidesque
815 1646 854 1691 est
922 1641 974 1692 260

222 1709 269 1760 tris
281 1725 349 1776 pono
362 1711 622 1775 gremiis-revocate
634 1715 771 1776 parentem
781 1727 789 1773 ;

222 1785 245 1830 te
257 1786 426 1846 conspectum
439 1797 445 1843 ;
463 1778 531 1830 nihil
543 1778 589 1830 illo
602 1779 678 1830 triste
689 1784 800 1846 recepto.

222 1845 278 1898 labo
289 1853 398 1914 urgento
410 1849 526 1916 perfecte
538 1853 618 1915 etque
630 1864 722 1915 aspera
733 1847 815 1915 signis

222 1934 236 1982 t,
249 1915 353 1968 devicte
365 1917 468 1983 genitor
480 1933 538 1985 quse
551 1917 620 1984 cepit
634 1915 745 1979 Arisba3

222 1985 294 2054 podes
307 1987 432 2052 geminos,
444 1986 502 2038 ouri
514 1986 566 2036 duo
578 2001 675 2052 mogus,
688 1984 806 2048 talento3

222 2071 238 2106 a
249 2055 398 2122 antiquum,
411 2072 488 2123 quem
501 2054 547 2106 dat
560 2054 667 2106 Sidonia
679 2054 755 2107 Dido.

222 2140 231 2176 >
243 2140 336 2192 capere
348 2124 456 2176 Italiam
468 2124 628 2192 sceptrisque
640 2123 720 2191 potiri

222 2193 276 2257 ‚erit
289 2194 390 2260 victori,
403 2200 430 2245 et
442 2193 536 2261 praedae
549 2193 643 2244 ducere
656 2199 768 2244 sortem:

222 2263 236 2329 i,
250 2279 301 2330 quo
314 2263 418 2314 'lurnus
431 2280 504 2331 equo,
518 2262 612 2329 quibus
623 2261 681 2314 ibet
692 2261 721 2312 in
733 2261 812 2313 ermis

222 2349 233 2383 s
246 2350 253 2394 ;
270 2331 356 2400 ipsum
369 2332 453 2398 illum,
466 2332 581 2399 clipeum
593 2331 735 2398 cristasque
747 2329 869 2383 rubentes
923 2330 976 2383 270

222 2400 271 2453 iam
283 2402 353 2466 sorti,
363 2403 419 2468 jam
432 2418 503 2452 nunc
516 2407 564 2452 tua
576 2401 691 2469 proemia,
704 2399 775 2452 Nise.

222 2487 261 2522 ree
272 2470 312 2521 bis
324 2486 370 2522 sex
382 2472 485 2537 genitor
497 2470 639 2522 lectissima
650 2475 767 2520 matrum

222 2557 251 2606 u,
263 2540 433 2608 captivosque
445 2539 526 2606 dabit,
539 2556 638 2606 suoque
650 2537 771 2590 omnibus
783 2553 873 2589 erma:

222 2625 245 2660 er
256 2608 305 2675 his,
318 2609 404 2676 compi
418 2608 487 2675 quod
499 2626 546 2660 rex
559 2608 638 2659 habet
650 2608 707 2674 ipse
719 2606 836 2658 Latinus.

222 2695 246 2742 ·o,
259 2694 318 2729 mea
329 2695 408 2745 quem
420 2678 512 2745 spatiis
524 2676 687 2745 propioribus
700 2680 764 2726 aetas

222 2747 290 2813 dtur,
302 2747 450 2798 venerande
461 2764 534 2815 puer,
544 2749 602 2816 jam
613 2751 722 2817 pectore
731 2748 791 2796 toto

222 2831 239 2880 o,
254 2821 282 2867 et
293 2815 415 2870 comitem
428 2833 507 2874 casus
519 2818 688 2895 complector
698 2817 735 2872 in
745 2829 853 2871 uma.
