2700 3242
273 328 327 381 ³40
499 324 530 383 P.
544 325 704 382 VIRSILII
721 321 884 381 MARONIS

274 428 431 481 Convertere
443 426 538 481 oculos.
574 428 654 481 Volat
666 429 759 496 igneus
771 444 874 497 equore
887 424 1015 492 Tarchon,
1059 442 1061 446 ’

275 497 356 549 Arma
368 498 507 564 vimmque
518 497 621 562 ferens3
639 505 699 550 tum
710 515 814 551 summa
824 497 907 565 ipsius
920 494 954 549 ab
965 495 1044 548 hasta

274 565 409 633 Defringit
421 567 528 632 ferrum,
540 572 568 618 et
579 573 667 635 partes
679 568 792 620 rimatur
805 571 916 634 apertas,

276 634 334 697 Qua
346 636 443 688 vulnus
454 635 534 687 letale
546 635 630 689 ferat:
649 642 740 689 contra
751 635 798 689 ille
809 652 837 687 re
875 650 960 702 gnans

275 701 394 756 Sustinet
406 721 423 756 a
431 704 526 772 jugulo
539 705 666 771 dextram,
680 711 707 758 et
719 707 774 758 vim
786 703 837 757 riri
854 722 886 756 us
897 704 961 755 exit.
1070 701 1121 756 750

275 773 365 841 thue
376 773 467 826 volans
479 773 532 826 alte
544 780 652 842 raptum
664 792 748 843 quum
759 774 835 827 fulva
846 773 986 825 draconem

274 841 338 894 Fert
350 843 446 911 aquila,
459 843 643 910 implicuitque
655 844 741 912 pedes,
753 849 833 911 atque
844 841 979 909 unguibus
991 840 1087 895 haesit:

275 911 386 963 Saucius
398 918 427 963 at
439 929 544 980 serpens
557 913 662 964 sinuosa
674 913 810 965 volumina
821 917 916 978 versat,

274 981 443 1048 Arrectisque
454 980 543 1034 horret
556 983 679 1050 squamis,
691 988 719 1034 et
731 982 820 1034 sibilat
832 998 876 1033 ore

275 1049 382 1101 Arduus
394 1050 548 1117 insurgens:
566 1051 613 1103 illa
625 1051 697 1103 haud
708 1051 797 1102 minus
808 1055 886 1118 urget
898 1048 1002 1102 obunco

274 1117 433 1170 Luctantem
444 1125 542 1183 rostro;
561 1120 640 1171 simul
652 1120 752 1172 aethera
763 1118 883 1172 verberat
894 1119 957 1170 alis:

275 1186 357 1239 Haud
369 1187 446 1240 aliter
457 1189 573 1256 praedam
586 1189 727 1242 Tiburtum
738 1207 772 1241 ex
784 1189 889 1256 agmine
901 1187 1022 1240 'l'archon

275 1255 368 1309 Portet
380 1274 467 1310 ovans.
498 1258 579 1310 Ducis
591 1259 743 1327 exemplum
755 1264 932 1325 eventumque
945 1258 1030 1309 secuti

274 1324 413 1378 Maeonidae
425 1327 571 1380 incurrunt.
601 1328 669 1379 'lum
681 1328 744 1380 fatis
756 1327 860 1379 debitus
872 1327 975 1378 Armns

275 1394 398 1447 Velocem
406 1396 496 1463 jaculo
508 1402 535 1448 et
546 1397 632 1449 multa
644 1397 715 1465 prior
726 1402 784 1449 arte
796 1395 934 1448 Camillam
1070 1396 1121 1449 760

275 1464 382 1532 Circuit,
395 1471 430 1532 et,
443 1482 502 1533 quse
514 1466 549 1518 sit
561 1467 668 1519 fortuna
679 1465 814 1531 facillima,
826 1471 921 1518 tentat.

275 1534 334 1598 Qua
346 1551 372 1586 se
385 1551 497 1602 cumque
508 1535 598 1587 furens
609 1535 696 1588 medio
707 1535 773 1587 tulit
784 1534 890 1602 agmine
902 1534 984 1601 virgo,

275 1603 334 1655 Hac
347 1603 447 1655 Arruns
460 1604 538 1670 subit,
552 1610 579 1656 et
591 1605 689 1658 tacitus
701 1604 813 1672 vestigia
824 1603 938 1657 lustrat:
992 1611 995 1615 '

275 1672 334 1736 Qua
346 1673 443 1724 victrix
454 1673 524 1725 redit
536 1674 591 1741 illa,
603 1673 748 1742 pedemque
760 1691 794 1725 ex
806 1673 881 1725 hoste
892 1677 1018 1741 reportat,

275 1740 334 1793 Hac
343 1742 449 1810 juvenis
461 1743 555 1795 breim
567 1744 662 1795 celeres
675 1744 815 1810 detorquet
826 1742 948 1794 habenas.

275 1809 331 1862 Hos
343 1811 438 1878 aditus,
448 1814 556 1880 jamque
568 1813 615 1865 hos
628 1813 725 1879 aditus,
737 1828 892 1878 omnemque
904 1815 1023 1879 pererrat

275 1879 397 1948 Undique
410 1881 550 1933 circuitum
560 1901 567 1946 ;
585 1888 613 1934 et
625 1887 724 1934 certam
737 1881 824 1949 quatit
835 1881 969 1948 improbus
981 1881 1095 1934 hastam.

275 1949 353 2002 Forte
366 1967 437 2002 sacer
449 1951 551 2019 Cybelae
564 1951 696 2017 Chloreus,
709 1951 825 2018 olimque
837 1950 963 2017 sacerdos,

276 2019 390 2086 Insignis
403 2020 480 2088 longe
492 2019 615 2088 Phrygiis
627 2019 748 2087 fulgebat
760 2020 789 2072 in
801 2019 887 2086 armis,

275 2087 499 2157 Spumantemque
511 2090 631 2156 agitabat
643 2106 757 2156 equum:
775 2106 854 2157 quem
866 2087 943 2156 pellis
955 2087 1050 2140 ahenis
1069 2091 1122 2143 770

276 2157 308 2208 In
321 2159 439 2226 plumam
452 2159 568 2226 squamis
580 2176 643 2210 auro
656 2164 776 2210 conserta
787 2157 900 2224 tegebat

275 2226 342 2296 Ipse,
355 2228 492 2296 peregrina
504 2227 637 2294 ferrugine
649 2228 735 2280 clarus
747 2233 774 2279 et
786 2234 862 2292 ostro,

275 2296 382 2365 Spicula
394 2298 535 2364 torquebat
547 2297 627 2364 Lycio
640 2297 767 2364 Gortynia
780 2314 879 2360 cornu3

275 2366 377 2418 Aureus
390 2385 423 2418 ex
435 2367 550 2419 humeris
563 2372 638 2418 sonat
650 2383 734 2433 arcus,
747 2371 774 2418 et
786 2383 866 2418 aurea
877 2364 933 2417 vati

275 2437 395 2500 Sassida3
408 2442 466 2488 tum
479 2453 594 2487 croceam
607 2435 824 2503 chlamydemque
837 2436 961 2503 sinusque
974 2441 1114 2504 crepantes

276 2505 413 2557 Sarbaseos
425 2506 498 2556 fulvo
510 2506 539 2556 in
551 2505 650 2556 nodum
662 2505 802 2572 collegerat
815 2522 886 2572 auro,

275 2575 365 2627 Pictus
378 2593 428 2626 acu
440 2575 549 2639 tunicas,
563 2579 590 2625 et
601 2574 712 2625 barbara
724 2575 841 2641 tegmina
853 2591 967 2627 crurum.

273 2645 355 2696 Hunc
368 2645 448 2714 virge,
462 2644 515 2695 sive
528 2649 559 2695 ut
571 2644 676 2711 templis
689 2644 835 2711 praefigeret
847 2661 921 2695 arma

264 2716 355 2790 Troia,
371 2717 479 2792 captivo
493 2714 548 2770 sive
559 2718 592 2768 ut
604 2730 631 2766 se
641 2714 722 2765 terret
733 2713 762 2795 in
775 2729 845 2778 auro,

259 2789 396 2850 Venatrix
412 2811 504 2849 unum
518 2809 554 2847 ex
565 2786 642 2845 omni
652 2790 796 2840 certamine
804 2798 900 2849 pugna
1072 2787 1123 2839 780

246 2867 328 2927 theca
343 2869 543 2947 sequebatur;
560 2869 713 2932 totumque
722 2855 835 2907 incauta
841 2867 889 2918 ψ
900 2865 997 2912 agmen
