2700 3242
289 313 343 366 406
514 305 543 358 Ρ.
556 305 712 358 VIRGILII
725 294 888 357 Minonis

290 408 402 463 Venales
414 407 513 462 olemm
525 409 607 461 fasces
619 407 742 477 portabat
753 407 783 459 in
794 407 901 469 urbem

291 477 359 532 Inde
371 478 477 530 domum
490 478 588 530 cervice
601 477 673 544 levis,
686 477 773 545 gravis
785 495 844 543 aere,
855 476 965 544 redibat,

291 547 345 600 vix
356 565 394 599 un
412 565 474 599 uam
485 547 580 599 urbani
592 547 732 599 comitatus
743 564 829 598 meroe
840 546 951 599 macelli.

291 617 361 687 Oepa
372 565 468 668 rdlcus
480 617 595 684 sectique
606 617 704 668 famem
716 616 805 668 domat
817 633 878 668 area
889 614 966 684 porri,

292 687 408 754 Quaeque
420 685 532 738 trahunt
544 686 598 738 aori
609 685 700 739 vultus
711 685 843 737 nasturtio
854 702 949 751 morsu,

291 754 446 824 Intubaque,
453 760 480 807 et
493 754 620 807 Venerem
631 771 755 806 revocans
768 772 845 807 eruca
856 761 1010 808 morantem

326 825 394 877 lum
406 840 509 892 quoque
520 823 574 876 tale
585 824 687 892 aliquid
698 824 829 876 meditans
840 823 987 877 intraverat
998 824 1035 876 ho:

291 893 331 947 Ao
342 893 465 962 primum,
476 893 570 945 leviter
581 893 672 960 digitis
684 893 779 945 tellure
791 894 894 960 refossa,

292 962 411 1028 Quatuor
423 961 512 1014 educit
523 979 584 1014 oum
597 962 685 1030 spissis
697 962 760 1014 allia
772 962 858 1027 fibris;

292 1031 359 1086 Inde
372 1048 458 1084 comas
469 1031 524 1099 apii
535 1031 646 1099 graciles
657 1037 797 1100 rutamque
808 1032 938 1099 rigentem

292 1100 383 1168 vellit,
395 1106 423 1153 et
434 1101 529 1168 exiguo
542 1100 679 1153 coriandra
690 1102 830 1153 trementia
841 1101 893 1154 filo.

292 1169 359 1223 Haeo
370 1169 417 1222 ubi
428 1169 540 1237 collegit,
553 1169 645 1222 latum
657 1171 775 1223 consedit
787 1171 821 1222 ad
833 1171 929 1239 ignem,

292 1238 329 1292 Iit
340 1238 410 1292 clara
422 1239 549 1292 famulam
560 1240 644 1308 poscit
655 1241 780 1292 mortaria
791 1258 861 1294 voce.

293 1307 404 1376 Singula
415 1315 474 1361 tum
486 1309 603 1377 capitum
614 1326 750 1362 numeroso
762 1311 857 1362 cortice
868 1310 961 1378 nudat,

292 1377 330 1431 Et
341 1378 450 1430 summis
462 1378 556 1447 spoliet
568 1379 650 1445 coriis,
663 1385 847 1446 contemtoque
859 1380 957 1448 passim

293 1446 401 1516 Spargit
411 1447 487 1499 humi
499 1453 578 1516 atque
590 1448 677 1501 abicit.
713 1447 852 1501 Servatum
863 1449 982 1516 gramine
993 1449 1035 1502 bul

293 1517 385 1586 'lingit
396 1534 472 1586 aqua,
484 1517 631 1586 lapidisque
643 1535 738 1571 cavum
750 1518 868 1570 demittit
879 1519 908 1570 in
920 1518 1015 1572 orbem.

294 1586 367 1639 Hinc
379 1586 440 1640 salis
451 1587 580 1655 inspergit
591 1587 687 1650 micas;
705 1588 759 1639 sale
770 1588 851 1640 durus
863 1589 940 1640 adeso

294 1656 389 1709 Caseus
401 1656 539 1724 adjicitur;
558 1656 641 1708 dictas
653 1675 731 1725 super
741 1657 839 1724 ingerit
850 1657 960 1722 herbas;

293 1725 330 1779 Et
341 1725 408 1778 laeva
419 1740 518 1778 vestem
531 1732 621 1777 saetosa
633 1725 682 1778 sub
693 1727 804 1793 inguina
816 1727 900 1779 fulcit.

293 1794 410 1848 Dextera
421 1795 520 1863 pistillo
532 1796 646 1863 primum
658 1795 805 1862 fragrantia
815 1797 901 1848 mollit

293 1864 365 1917 Allia
372 1883 379 1929 3
397 1870 455 1916 tum
467 1865 565 1933 pariter
576 1866 660 1918 mixto
673 1865 735 1917 terit
747 1866 835 1917 omnia
846 1883 914 1918 suco.

294 1933 322 1987 It
333 1951 427 1986 manus
438 1934 467 1986 in
479 1951 589 2002 gyrum3
606 1935 736 2002 paulatim
748 1935 853 2002 singula
865 1937 932 1987 vires

294 2002 449 2072 Deperdunt
462 2004 578 2071 proprias
585 2023 592 2067 ;
611 2004 680 2056 color
692 2011 731 2056 est
744 2022 758 2055 e
770 2005 889 2072 pluribus
902 2022 979 2072 unus,

293 2071 320 2124 N
321 2090 349 2125 ec
361 2079 433 2125 totus
444 2073 543 2140 viridis,
555 2073 618 2141 quia
629 2072 715 2125 lactea
726 2073 811 2125 frusta
822 2080 980 2142 repugnant,

293 2141 320 2194 N
320 2160 350 2194 ec
362 2141 394 2194 de
406 2141 474 2195 lacte
486 2143 580 2209 nitens,
593 2143 655 2211 quia
667 2148 707 2195 tot
719 2143 837 2195 variatur
849 2143 882 2195 ab
894 2144 987 2197 herbis.

295 2210 370 2279 Saepe
381 2211 433 2264 riri
444 2229 519 2264 nares
531 2229 590 2264 acer
598 2212 734 2279 jaculatur
745 2221 850 2280 apertas

295 2280 416 2349 Spiritus,
429 2287 457 2334 et
468 2281 533 2334 simo
545 2282 653 2333 damnat
666 2299 714 2334 sua
725 2283 836 2350 prandia
847 2283 931 2340 vultu

296 2350 371 2418 Saepe
381 2368 463 2403 manu
475 2368 577 2403 summa
589 2350 754 2403 lacrimantia
766 2351 868 2404 lumina
880 2352 967 2419 tergit,

296 2419 483 2488 Immeritoque
494 2421 584 2472 furens
596 2421 661 2472 dicit
673 2421 791 2472 convicia
803 2421 882 2473 fumo.

296 2488 455 2541 Procedebat
467 2507 532 2557 opus
544 2508 550 2542 :
568 2507 621 2542 non
629 2493 687 2559 jam
700 2490 850 2554 salebrosus,
863 2497 894 2542 ut
906 2496 975 2557 ante,

296 2557 347 2610 Sed
359 2559 463 2626 gravior
473 2559 557 2611 lentos
570 2560 625 2612 ibat
637 2560 752 2627 pistillus
764 2561 792 2611 in
804 2560 884 2613 orbes.

289 2627 364 2700 Ergo
376 2627 491 2684 Palladii
504 2634 593 2700 guttas
606 2629 719 2681 instillat
731 2630 799 2693 olivi,

280 2702 444 2779 Exiguique
458 2722 539 2779 super
551 2701 622 2759 uires
631 2699 751 2754 iniundit
760 2699 839 2764 aceti,
884 2740 886 2743 .

271 2780 373 2851 Atque
383 2781 492 2838 iterum
506 2777 668 2836 commiscet
681 2768 1035 2843 opussssiumuffiml

266 2849 345 2914 Tum
359 2857 482 2916 demum
496 2855 603 2931 digitis
615 2843 755 2906 mortaria
762 2846 826 2896 tota
836 2833 939 2886 dudum
