2700 3242
488 313 693 367 GEORSIOON
711 313 778 366 LIB.
797 312 845 367 lv.
1058 309 1090 366 70

246 411 316 482 Ergo
328 413 399 484 ipses
411 414 530 482 quemvis
543 412 650 482 angusti
661 413 789 466 terminus
801 414 851 465 aevi

245 481 379 552 Excipiet,
393 482 489 551 (neque
500 483 572 535 enim
583 483 643 552 plus
655 483 767 550 septima
779 483 885 534 ducitur
897 484 983 547 aestss)

245 550 282 604 At
294 569 379 620 genus
391 552 539 604 immortale
550 557 647 620 menet,
659 551 810 618 multosque
821 568 869 620 per
881 569 963 603 annos

245 619 305 673 Stet
316 621 425 673 fortune
437 621 537 688 domus,
549 627 576 672 et
588 621 631 673 avi
643 625 818 672 numerantur
829 637 945 673 avorum.

245 688 377 741 Praeteree
388 707 477 757 regem
489 707 542 741 non
554 690 592 741 sic
603 689 735 758 AEgyptos
747 695 774 740 et
786 689 879 756 ingens
1037 693 1088 740 210

245 757 338 826 Lydis,
350 775 400 810 nee
411 759 504 828 populi
516 758 675 810 Parthorum
687 762 735 810 eut
747 758 842 809 Medus
855 758 994 826 Hydaspes

246 827 401 880 Observant.
432 828 503 895 Rege
515 827 642 879 incolumi
652 844 727 879 mens
739 827 860 878 omnibus
873 845 927 879 une
939 834 978 879 est
989 847 996 890 ;

245 897 357 964 Amisso,
367 913 462 977 rupere
473 897 553 948 fidem
565 901 767 963 constructaque
779 897 858 948 mella

245 964 387 1033 Diripuere
398 983 470 1034 rpsae,
482 971 510 1018 et
522 971 605 1017 cretes
618 966 716 1017 solvere
728 966 854 1018 favorum

245 1034 296 1086 Ille
308 1051 418 1102 operum
429 1040 533 1098 eustos3
551 1035 627 1087 illum
639 1034 811 1102 admirantur,
824 1041 851 1086 et
863 1052 952 1088 omues

246 1103 425 1156 Circumstant
436 1104 545 1156 fremitu
557 1104 644 1171 denso,
657 1104 810 1171 stipantque
822 1104 972 1170 frequentes
982 1123 990 1168 3

245 1171 281 1224 Et
293 1189 362 1241 saepe
374 1173 502 1225 attollunt
513 1173 637 1240 humeris,
650 1179 678 1224 et
690 1190 796 1240 corpora
808 1173 876 1225 belle

246 1241 396 1322 Ob'ectent2
408 1241 598 1310 pulchramque
610 1247 706 1310 petunt
718 1258 765 1310 per
776 1242 887 1294 vulnera
899 1249 1017 1295 mortem.

312 1311 318 1322 '
346 1310 456 1378 quidum
467 1311 549 1379 signis
561 1317 641 1379 atque
653 1311 709 1363 haec
722 1328 797 1362 exem
817 1311 843 1362 la
855 1312 946 1378 secuti,

245 1378 310 1432 Esse
322 1379 417 1460 apibus
428 1385 531 1448 purtem
543 1381 639 1433 divinae
651 1380 748 1431 mentis
760 1385 787 1431 et
798 1328 910 1431 iniustus
1037 1383 1089 1432 220

245 1449 381 1502 AEthenos
393 1448 499 1502 dixere:
518 1450 597 1501 deum
609 1466 723 1516 namque
735 1450 773 1501 ire
785 1467 832 1518 per
843 1467 932 1501 omnes

246 1518 392 1586 Terraeque
403 1523 554 1587 tractusque
566 1519 645 1571 meris
658 1519 803 1586 coelumque
815 1520 975 1586 profundum
986 1538 993 1583 ;

247 1587 320 1639 Hinc
331 1587 453 1655 pecudes,
465 1594 592 1654 armenta,
605 1588 681 1654 viros,
694 1605 777 1655 genus
790 1605 866 1640 omne
877 1589 1000 1656 serarum,

248 1656 385 1725 Quemque
395 1656 446 1709 sibi
458 1663 550 1709 tenues
561 1662 713 1709 nascentem
725 1674 852 1709 arcessere
864 1659 950 1723 ritss;

247 1725 354 1778 Scilicet
364 1725 419 1778 huc
429 1726 505 1778 reddi
517 1726 611 1779 deinde
624 1743 654 1778 ec
665 1726 781 1779 resolute
791 1727 882 1779 referri

249 1794 362 1859 Omnin3
379 1811 428 1848 nec
438 1796 517 1847 morti
530 1813 585 1847 esse
597 1795 692 1862 locum,
705 1796 750 1847 sed
761 1796 823 1848 vive
835 1796 922 1849 velere

248 1862 346 1917 Sideris
356 1864 386 1915 in
397 1881 537 1916 numerum
549 1870 629 1933 atque
641 1865 696 1916 alto
708 1865 845 1917 succedere
857 1866 929 1919 coele.

282 1932 311 1986 Si
324 1932 429 2001 quando
440 1933 528 1985 sedem
540 1940 681 2001 augustam
693 1939 847 2002 servataque
859 1935 939 1987 melin

247 2000 388 2054 Thesamis
398 2001 501 2068 relines‚
514 2003 587 2071 prius
599 2003 699 2055 haustu
710 2020 814 2070 sparsus
826 2020 955 2071 aquarum

249 2070 301 2124 Ore
311 2071 379 2137 fove,
390 2071 528 2140 fumosque
540 2089 622 2124 manu
634 2073 767 2141 praetende
780 2090 908 2141 sequaces.
1037 2075 1089 2125 230

247 2139 293 2192 Bis
304 2139 426 2208 gravide
438 2147 538 2208 cogunt
549 2142 628 2209 fetus,
640 2142 693 2194 duo
705 2147 823 2210 tempore
834 2143 941 2196 messis:

247 2207 364 2277 Taygete
377 2209 455 2262 simul
467 2227 495 2262 os
507 2212 584 2264 terris
596 2211 711 2263 ostendit
723 2211 863 2263 honestum

247 2277 327 2346 Plias,
340 2283 368 2330 et
380 2279 470 2331 oceani
483 2288 582 2348 spretos
593 2281 660 2349 pede
671 2280 771 2348 repulit
782 2297 872 2332 amnes
882 2299 890 2344 ;

247 2347 303 2401 Aut
314 2348 407 2400 eadem
419 2348 491 2401 sidus
503 2350 607 2417 fugiens
619 2349 666 2401 ubi
678 2349 760 2401 Piscis
771 2349 862 2417 uquesi

247 2416 358 2470 Tristior
369 2417 493 2470 hibernas
506 2419 569 2471 eoelo
582 2419 717 2471 descendit
730 2419 758 2469 in
770 2419 863 2471 undas.

246 2486 304 2539 Illis
316 2487 356 2540 ira
367 2487 476 2540 modum
488 2504 567 2557 supra
579 2493 626 2554 est,
638 2488 757 2555 laesaeque
770 2505 901 2539 venenum

246 2555 379 2609 Mercibus
391 2557 531 2625 inspirant,
538 2562 565 2609 et
578 2557 679 2625 spicula
691 2574 759 2609 caeee
770 2557 932 2625 relinquunt,

246 2624 341 2677 Affixae
353 2625 434 2692 venis,
446 2627 599 2694 animasque
610 2626 640 2677 in
651 2626 759 2679 vulnere
771 2633 881 2694 ponunt.

246 2693 294 2747 Sin
307 2695 401 2747 durem
413 2701 514 2747 metues
526 2696 639 2747 hiemem
650 2712 795 2767 parcesque
805 2696 898 2751 future

246 2763 423 2829 contusosque
432 2764 534 2816 ammos
544 2771 573 2820 et
583 2783 626 2820 res
639 2767 803 2827 miserabere
814 2771 920 2828 tructus
930 2791 941 2837 ·,
1059 2770 1121 2820 ³2⁵&

233 2829 370 2880 Aesufflre
382 2831 480 2901 thymo,
494 2851 624 2910 ceresque
638 2843 764 2903 recidere
778 2847 885 2904 inanes
