2700 3242
282 303 333 356 288
513 303 543 357 P.
561 303 717 357 vlnaluss
734 299 897 354 MARONIS

281 403 401 472 Desuper
413 404 542 458 Ausonias
554 405 621 457 acies
634 404 778 472 urbemque
790 402 904 468 videbat,
1075 455 1080 464 ,

279 472 357 525 Nube
370 474 468 541 sedens,
480 481 560 542 atque
573 475 614 526 his
626 475 753 527 rictorem
764 472 861 524 affatur
873 470 982 522 Iulum:
1075 471 1127 521 640

282 543 394 596 “Macte
407 562 475 597 nova
487 546 593 610 virtute,
605 562 670 612 puer
683 564 689 607 ;
708 545 745 596 sic
757 545 812 596 itur
824 543 859 596 ad
871 548 950 602 astra,

280 607 328 659 Dis
341 609 437 676 genite,
450 615 477 661 et
490 610 611 676 geniture
623 610 691 663 deos.
726 610 745 662 J
747 626 794 661 ure
805 610 894 660 omnia
905 607 975 658 bellu

282 677 366 729 Gente
379 678 427 729 sub
439 678 559 731 Assaraci
571 681 627 732 fato
639 685 752 732 ventura
763 678 894 730 resident:

280 745 306 798 N
307 764 336 799 ec
348 752 375 798 te
387 747 465 815 Troja
474 747 567 824 capit.”
607 747 692 801 Simul
704 746 760 798 haec
773 747 868 799 effatus
881 745 914 797 ab
926 745 983 798 alto

280 816 390 868 AEthere
402 833 429 867 se
441 815 533 880 mittit,
546 813 675 882 spirantes
687 814 803 865 dimovet
815 831 899 880 auras,

279 885 475 952 Ascaniumque
487 884 562 952 petit.
598 883 720 935 Formam
732 889 791 934 tum
803 882 916 935 vertitur
927 882 978 934 oris

278 954 428 1022 Antiquum
440 954 469 1004 in
481 953 576 1005 Buten.
612 952 665 1004 Hic
677 952 810 1004 Dardanio
822 951 945 1003 Anchisen

279 1022 401 1090 Armiger
412 1029 474 1074 ante
486 1022 546 1088 fuit,
559 1021 679 1089 fidusque
691 1022 725 1074 ad
737 1021 830 1072 limina
842 1027 928 1073 custos
941 1039 948 1084 ;

279 1091 348 1143 Tum
360 1092 482 1144 comitem
494 1091 605 1143 Ascanio
618 1097 693 1159 pater
705 1090 815 1142 addidit,
852 1089 912 1142 Ibat
924 1091 1019 1158 Apollo

279 1160 375 1212 Omnia
387 1160 505 1227 longaevo
518 1160 618 1225 similis,
631 1176 772 1228 vocemque
784 1159 954 1228 coloremque,
1073 1163 1124 1212 650

277 1229 314 1282 Et
326 1231 409 1282 crines
421 1230 493 1283 albos
506 1236 533 1281 et
545 1246 613 1281 saera
625 1229 759 1281 sonoribus
771 1245 863 1293 arma;

277 1301 365 1368 Atque
377 1299 419 1350 his
431 1299 567 1351 ardentem
579 1298 656 1350 dictis
668 1298 766 1350 affatur
778 1297 884 1350 Iulum:

278 1369 293 1396 “
303 1369 344 1422 Sit
356 1369 428 1433 satis,
441 1366 568 1430 AEneada,
581 1366 641 1417 telis
653 1367 761 1433 impune
773 1363 928 1416 Numanum

277 1432 424 1502 Oppetiisse
436 1434 490 1485 tuis
500 1452 507 1496 ;
526 1434 638 1502 primam
650 1432 719 1485 hanc
730 1432 781 1485 tibi
792 1450 906 1500 magnus
917 1434 1013 1502 Apollo

277 1502 402 1554 Concedit
414 1502 527 1569 laudem,
540 1510 567 1553 et
579 1502 687 1570 paribus
699 1519 753 1554 non
764 1502 867 1554 invidet
879 1503 958 1554 armis
968 1523 976 1567 ;

276 1571 368 1624 Cetera
380 1589 465 1639 parce,
477 1589 549 1639 puer,
561 1572 652 1628 bello.'’
688 1571 732 1626 Sic
745 1590 818 1625 orsus
830 1572 926 1640 Apollo

276 1640 401 1693 Mortales
413 1641 499 1692 medio
511 1647 633 1709 aspectus
646 1656 763 1692 sermone
774 1640 890 1708 reliquit,

275 1710 310 1762 Et
323 1710 413 1779 procul
426 1711 454 1761 in
466 1717 574 1762 tenuem
587 1727 619 1762 ex
632 1709 715 1762 oculis
727 1710 835 1761 evanuit
847 1727 947 1762 auram.

274 1782 410 1846 Agnovere
423 1779 502 1831 deum
515 1796 632 1848 proceres
645 1779 786 1846 divinaque
799 1778 853 1831 tela

273 1849 441 1915 Dardanidae,
454 1850 655 1917 pharetramque
667 1848 733 1915 fuga
745 1865 847 1900 sensere
859 1853 1004 1902 sonantem.
1071 1856 1121 1903 660

273 1918 344 1985 Ergo
357 1919 464 1970 avidum
476 1936 580 1986 pugnae,
593 1918 671 1969 dictis
684 1935 714 1969 ac
727 1918 836 1969 numine
848 1917 949 1984 Phoebi,

273 1988 417 2039 Ascanium
430 1988 587 2055 prohibent;
605 1987 656 2055 ipsi
668 1987 697 2038 in
710 1988 854 2039 certamina
865 2004 955 2039 rursus

273 2055 431 2123 Succedunt,
444 2057 597 2124 animasque
609 2057 637 2107 in
649 2063 741 2124 aperta
754 2056 870 2124 pericula
881 2057 1003 2110 mittunt.

273 2125 301 2177 It
313 2126 410 2177 clamor
422 2127 484 2178 totis
496 2143 543 2194 per
555 2126 754 2194 propugnacula
765 2126 864 2178 muris:

273 2195 421 2247 lntendunt
434 2212 505 2247 acres
517 2213 599 2261 arcus,
613 2202 771 2262 amentaque
784 2200 914 2262 torquent.

272 2262 404 2316 Sternitur
416 2282 492 2316 omne
505 2264 587 2315 solum
600 2264 677 2328 telis3
696 2272 754 2315 tum
767 2272 841 2315 scuta
853 2281 976 2331 cavaeque

272 2332 345 2385 Dant
358 2335 474 2385 sonitum
486 2333 560 2384 flictu
573 2334 654 2401 galeae
665 2351 672 2396 ;
690 2350 781 2401 pugna
793 2351 884 2401 aspera
896 2334 998 2402 surgit:

274 2403 394 2468 Quantus
406 2403 439 2454 ab
452 2420 543 2454 occasu
556 2403 662 2454 veniens
674 2402 836 2471 pluvialibus
849 2403 940 2454 Haedis

272 2471 399 2524 Verberat
411 2472 493 2523 imber
505 2472 616 2523 humum
627 2492 634 2536 3
652 2489 733 2540 quarn
744 2472 830 2524 multa
841 2473 970 2538 grandine
982 2472 1067 2525 nimbi

272 2540 305 2592 In
318 2542 385 2592 vada
398 2542 572 2609 praecipitant,
584 2559 666 2608 quum
679 2542 787 2609 Jupiter
799 2542 919 2592 horridus
932 2543 1037 2595 Austris
1065 2546 1117 2596 670

272 2610 386 2677 Torquet
398 2627 522 2678 aquosam
536 2611 654 2677 hiemem,
668 2617 696 2662 et
708 2611 772 2662 ooelo
784 2628 849 2662 cava
861 2611 954 2663 nubila
965 2613 1075 2680 rumpit.

299 2680 441 2733 Pandarus
455 2686 482 2732 et
493 2680 585 2748 Bitias,
600 2680 670 2731 Idaeo
684 2680 811 2731 Alcanore
824 2681 896 2746 creti,

254 2751 329 2818 Quos
341 2752 422 2809 Joris
436 2753 533 2810 eduxit
545 2752 608 2809 luco
621 2749 749 2807 silvestris
758 2749 838 2817 lara,

236 2823 392 2884 abietibus
399 2833 527 2906 juvenes
540 2828 640 2906 patriis
654 2833 685 2882 et
695 2821 834 2879 monibus
844 2836 944 2885 roquos,
