2700 3242
274 313 326 363 2:34
508 308 537 362 P.
556 308 709 362 VIRGILII
728 309 857 362 MARON
859 309 892 363 IS

274 410 363 462 Aurea
374 409 523 478 pectoribus
535 410 647 463 demissa
658 412 768 464 monilia
778 413 897 482 pendent
908 431 915 474 ς

273 480 347 532 'lecti
359 496 431 546 auro,
443 480 547 533 fulvum
559 481 690 533 mandunt
703 480 751 532 sub
763 481 887 533 dentibus
899 499 995 535 aurum
1008 501 1016 547 ;

273 549 385 600 Absenti
396 549 486 601 AEneoe
499 567 606 601 currum
618 551 787 618 geminosque
795 551 901 618 jugales
1069 557 1120 606 280

274 617 378 670 Semine
390 618 423 670 ab
437 619 544 671 ratherio
556 619 686 688 spirantes
698 619 806 671 naribus
818 620 915 687 ignem,

275 687 386 739 Illorum
397 687 430 740 de
441 694 528 755 gente,
540 688 611 756 patri
623 705 688 755 quos
700 688 801 740 daedala
814 689 887 740 Circe

274 755 311 809 Su
331 757 416 876 qosita
428 757 460 808 de
472 763 556 809 matre
568 758 662 809 nothos
673 758 765 810 furata
777 758 883 810 creavit.

274 825 295 876 'l'
325 826 330 837 '
350 843 382 877 us
394 825 518 878 AEneadae
531 826 605 877 donis
618 827 748 894 dictisque
760 826 850 878 Latini

273 893 403 948 Sublimes
415 896 444 946 in
456 895 529 962 equis
540 895 659 962 redeunt,
672 912 815 964 pacemque
826 901 970 964 reportant.

309 964 376 1016 Ecce
388 969 478 1016 autem
491 963 607 1016 inachiis
620 982 674 1016 sese
686 965 816 1017 referebat
828 965 953 1032 abArgis

273 1032 348 1085 Sava
360 1033 380 1086 J
380 1033 435 1085 ovis
447 1035 553 1101 conjux,
565 1050 694 1101 aurasque
706 1034 812 1086 invecta
823 1033 947 1097 tenebat;

272 1102 308 1155 Et
320 1103 412 1154 laetum
423 1101 535 1154 AEneam
546 1102 706 1170 classemque
718 1121 752 1155 ex
763 1103 861 1155 aethere
873 1103 951 1170 longo

272 1172 435 1225 Dardaniam
446 1172 534 1225 Siculo
546 1172 682 1241 prospexit
694 1173 727 1226 ab
739 1191 823 1242 usque
835 1172 968 1242 Pachyno.

272 1241 362 1294 Moliri
370 1243 427 1309 jam
439 1247 509 1294 tecta
521 1242 601 1305 ridet,
610 1245 667 1310 jam
679 1242 759 1294 fidere
771 1250 866 1307 terrae;
1066 1247 1119 1297 290

271 1310 422 1364 Deseruisse
433 1318 510 1365 rates.
539 1311 620 1364 Stetit
631 1312 686 1364 acri
697 1313 752 1363 fixa
764 1312 858 1364 dolore.

272 1381 340 1432 Tum
352 1398 477 1449 quassans
489 1387 578 1450 caput,
590 1382 646 1433 haee
659 1381 773 1433 effundit
784 1385 889 1449 pectore
901 1380 987 1434 dicta:

274 1451 361 1504 “Heu
374 1452 482 1518 stirpem
494 1451 615 1511 invisam,
628 1455 655 1501 et
668 1450 732 1502 fatis
744 1451 876 1503 contraria
886 1449 985 1501 nostris

271 1517 340 1570 Fata
352 1517 505 1585 Phrygum!
524 1535 590 1569 num
603 1518 687 1585 Sigeis
700 1518 852 1570 occumbere
864 1518 971 1585 campis,

272 1586 346 1638 Num
357 1588 429 1655 capti
460 1592 549 1640 otuere
561 1587 640 1655 capii
658 1605 725 1640 num
737 1587 843 1640 incensa
856 1588 983 1640 cremavit

271 1656 349 1724 Troja
360 1657 428 1709 viros
438 1604 565 1708 lmedias
578 1657 646 1709 acies
658 1657 808 1724 mediosque
820 1674 867 1725 per
878 1656 953 1723 ignes

271 1725 399 1778 Invenere
411 1725 488 1777 viam.
519 1725 562 1791 At,
576 1727 659 1793 credo,
672 1743 731 1778 mea
742 1726 854 1778 numina
865 1725 975 1777 tandem

271 1794 350 1847 Fessa
358 1796 456 1862 jacent,
469 1795 535 1846 odiis
548 1801 596 1846 aut
608 1800 762 1847 exsaturata
773 1795 899 1862 quievi-

272 1864 435 1928 Quinetiam
448 1865 534 1932 patria
547 1881 667 1917 excussos
680 1865 777 1917 infesta
788 1881 835 1932 per
847 1863 932 1915 undas

270 1933 343 1986 Ausa
355 1934 436 2001 sequi,
450 1941 477 1986 et
488 1934 607 2003 profugis
619 1939 675 1986 toto
687 1951 730 1985 me
742 1950 871 2002 opponere
884 1940 982 2001 ponto:
1064 1939 1115 1988 300

270 2003 406 2056 Absumtso
418 2004 447 2056 in
458 2003 569 2056 Teucros
582 2004 649 2055 vires
662 2003 773 2071 coelique
784 2002 924 2069 marisque.

271 2074 342 2136 Quid
354 2073 450 2141 Syrtes,
463 2080 510 2125 aut
523 2072 611 2140 Scylla
622 2073 696 2135 mihi,
710 2072 774 2140 quid
785 2077 861 2124 vasta
874 2070 1021 2138 Charybdis

270 2141 395 2195 Profuit?
413 2149 503 2210 optato
516 2143 666 2194 conduntur
678 2141 819 2209 Thybridis
831 2140 913 2207 alveo,

270 2211 360 2264 Securi
372 2211 460 2281 pelagi
471 2218 551 2280 atque
563 2212 621 2264 mei.
651 2211 724 2263 Mars
737 2212 844 2279 perdere
856 2215 964 2278 gentem

270 2281 417 2334 Immanem
429 2281 573 2350 Lapithum
584 2281 670 2333 valuit
681 2299 688 2343 ;
707 2281 834 2332 concessit
846 2280 875 2331 in
887 2280 940 2331 iras

269 2350 330 2417 Ipse
343 2351 422 2404 decim
434 2351 571 2418 antiquam
583 2350 687 2418 genitor
700 2349 834 2417 Calydona
845 2350 954 2412 Dianae3

270 2420 345 2484 Quod
353 2421 436 2473 scelus
446 2420 623 2488 authapithas
633 2425 746 2485 tantum,
755 2425 803 2471 aut
811 2418 945 2486 Calydona
951 2426 1098 2472 merentem

269 2489 319 2541 Ast
331 2508 386 2557 ego,
398 2507 495 2557 magna
507 2490 527 2542 J
528 2490 582 2543 ovis
595 2491 700 2557 conjux,
713 2489 752 2540 nil
764 2489 883 2557 linquere
895 2488 1021 2540 inausum

270 2559 334 2621 Quae
346 2560 421 2627 potui
433 2559 534 2626 infelix,
548 2576 605 2627 qua
618 2566 715 2610 memet
726 2559 755 2609 in
767 2559 856 2610 omnia
867 2557 943 2624 verti,

269 2627 367 2680 Vincor
378 2628 411 2681 ab
425 2629 514 2680 AEnca
551 2629 626 2693 Quod
639 2629 661 2679 si
673 2645 732 2679 mea
743 2627 855 2679 numina
867 2644 921 2678 non
933 2630 997 2679 sunt
1063 2631 1116 2681 310

263 2696 367 2767 Magna
387 2699 469 2751 satis:
496 2697 616 2751 dubitem
637 2698 710 2750 haud
734 2697 856 2765 equidem
877 2696 1019 2765 implorare
1044 2698 1115 2766 quod

233 2786 375 2899 Flectehseq
379 2776 530 2920 hiheghteo
544 2859 669 2920 superos,
681 2837 840 2896 Acheronta
846 2830 968 2886 mouebe.
