2700 3242
278 302 312 356 oo
459 263 462 269 ¹
514 302 543 355 r.
563 302 717 354 vinoun
735 300 897 354 Mruours
940 314 943 320 ·

279 402 318 455 Ut
329 402 461 471 quondam
472 402 502 455 in
514 403 548 454 sti
566 403 618 454 ulis
629 419 742 470 magnus
755 403 810 454 sine
822 402 922 454 viribus
934 402 1010 468 ignia,

280 469 418 524 Incassum
429 472 502 525 furit.
538 421 607 539 illigo
619 471 720 523 animos
734 488 872 539 aevumque
883 473 987 522 notabis
1078 475 1083 521 l

280 537 432 621 Praecipue;
450 540 512 593 hino
524 540 590 593 ahos
602 546 681 608 artes,
693 539 844 608 prolemque
856 547 1004 607 parentum,

279 607 316 661 Et
328 625 386 676 quis
398 609 492 677 cuique
506 609 578 661 dolor
590 609 667 676 victo,
680 625 739 676 quae
751 608 835 675 gloria
846 608 947 676 palmae.

279 676 373 729 Nonne
384 678 465 744 vides,
477 695 560 746 quum
571 677 702 745 praecipiti
713 678 856 728 certamine
868 693 990 745 campum

280 745 440 814 Corripuere,
452 754 586 814 ruuntque
598 745 675 797 effusi
687 762 789 797 carcere
801 762 900 811 currus,

281 814 369 878 Quum
381 832 438 883 apes
450 820 557 867 arrectae
566 817 703 881 juvenum,
716 814 930 881 exsultantiaque
942 813 1033 865 haurit

280 883 363 935 Oorda
374 901 455 952 pavor
466 884 574 952 pulsans
584 901 591 947 3
609 883 650 933 illi
660 882 763 934 instant
775 882 880 934 verbere
892 888 968 949 torto,

279 951 316 1004 Et
327 952 403 1021 proni
415 952 481 1004 dant
491 951 564 1014 lora3
583 951 654 1003 volat
665 952 694 1004 vi
705 951 822 1003 fervidus
834 951 892 1003 axis
902 969 909 1014 ;

279 1020 395 1088 Jamque
406 1021 528 1086 humiles,
534 1022 643 1088 jamque
655 1019 719 1071 elati
731 1019 843 1072 sublime
854 1020 980 1072 ridentur

279 1089 350 1142 Adra
362 1106 533 1158 pervacuum
545 1089 615 1155 ferri,
628 1095 708 1155 atque
720 1105 854 1155 assurgere
864 1089 894 1140 in
906 1105 1000 1152 auras;

279 1157 306 1210 N
306 1175 335 1210 eo
345 1175 425 1224 mora,
437 1175 486 1210 nec
497 1158 600 1225 requies
610 1175 617 1220 ;
636 1163 665 1208 at
675 1157 757 1209 fulvas
769 1157 875 1209 nimbus
887 1174 973 1209 arenae
1076 1159 1083 1209 1

279 1225 392 1279 Tollitur
402 1245 409 1291 ;
426 1228 584 1279 humescunt
596 1226 695 1294 spumis
707 1226 825 1293 flatuque
837 1231 1009 1294 sequentum:

279 1295 380 1348 'lentus
392 1313 464 1348 amor
475 1295 592 1362 laudum,
606 1301 689 1347 tantae
701 1301 741 1347 est
752 1295 862 1348 victoria
874 1311 951 1347 curae.

279 1363 383 1417 Primus
395 1365 582 1417 Erichthonius
594 1381 685 1416 currus
698 1370 725 1416 et
736 1370 850 1431 quatuor
861 1380 940 1416 ausus

278 1432 299 1485 J
300 1450 398 1500 ungere
410 1450 496 1502 equos,
508 1433 667 1502 rapidusque
678 1433 743 1485 rotis
754 1432 873 1484 insistere
884 1433 974 1485 victor.

278 1501 365 1554 Frena
376 1501 537 1554 Pelethronii
550 1501 669 1569 Isapithae
682 1518 811 1569 gyrosque
823 1501 917 1554 dedere

279 1570 400 1639 impositi
412 1571 494 1638 dorso,
506 1576 586 1638 atque
598 1570 715 1637 equitem
726 1570 836 1622 docuere
847 1570 896 1622 sub
908 1569 988 1622 armis

279 1638 411 1691 Insultare
423 1637 483 1705 solo,
496 1644 523 1691 et
535 1654 638 1706 gressus
649 1638 793 1706 glomerare
805 1639 935 1707 superbos.
985 1660 987 1663 ·

278 1708 382 1776 dlquus
393 1712 504 1775 uterque
515 1707 589 1759 labor
598 1726 605 1771 ;
623 1724 698 1788 reque
706 1710 882 1776 juvenemque
893 1708 1015 1775 magistri

278 1776 432 1845 Exquirunt
444 1777 611 1844 calidumque
623 1777 718 1828 smmis
729 1782 757 1829 et
769 1777 887 1829 cursibus
899 1794 1003 1841 acrem3

280 1846 404 1910 Quamvis
416 1863 451 1898 sae
496 1846 561 1913 fuga
573 1862 658 1898 versos
670 1846 716 1897 ille
728 1846 811 1913 egerit
822 1846 917 1912 hostes,
1076 1850 1083 1899 l

278 1913 314 1967 Et
326 1914 440 1983 patriam
451 1863 563 1983 libitum
573 1915 670 1968 referat
682 1915 814 1983 fortesque
826 1914 959 1983 Mycenas,

277 1981 449 2052 Neptunique
461 1984 471 2035 i
490 2001 518 2036 sa
530 1983 643 2036 deducat
656 1984 756 2051 origine
768 1988 881 2051 gentem.

313 2053 393 2104 Hisa
414 2053 420 2064 '
484 2053 564 2105 versis
575 2053 678 2105 instant
690 2053 738 2105 sub
751 2059 861 2120 tempus,
875 2058 901 2104 et
914 2069 1003 2104 omnes

278 2120 441 2190 impendunt
453 2138 528 2174 curas
540 2121 619 2173 denso
632 2121 779 2173 distendere
791 2122 891 2190 pingui

279 2190 363 2254 Quem
373 2190 459 2257 legere
471 2189 573 2257 ducem,
585 2195 612 2242 et
623 2190 712 2258 pecori
723 2190 813 2242 dixere
824 2191 950 2242 maritum
960 2209 967 2253 ;

278 2258 485 2327 Pubentesque*
498 2264 585 2312 secant
596 2260 696 2323 herbas,
709 2261 852 2329 fluviosque
863 2262 1020 2313 ministrant.

277 2326 419 2395 Famaque,
431 2345 465 2381 ne
476 2326 573 2379 blando
584 2333 699 2395 nequeat
711 2343 844 2395 superesse
855 2326 945 2393 labori,

278 2395 444 2464 Invalidique
455 2401 563 2464 patrum
574 2397 689 2447 referunt
697 2395 800 2463 jejunia
811 2396 875 2447 nati.

277 2464 340 2533 Ipsa
351 2471 441 2517 sutem
452 2464 536 2516 macie
547 2469 660 2516 tenuant
671 2470 792 2516 armenta
804 2465 928 2529 volentes,

276 2534 372 2601 Atque,
383 2533 431 2585 ubi
442 2532 596 2585 concubitus
608 2534 704 2601 primos
713 2535 771 2600 jam
783 2539 846 2584 nota
857 2534 978 2600 voluptas
1074 2539 1083 2586 l

277 2601 415 2668 Sollicitat,
427 2602 582 2670 frondesque
594 2608 693 2669 negant
706 2608 732 2654 et
745 2601 862 2653 fontibus
874 2611 972 2654 arcent.

276 2670 351 2737 Saepe
363 2670 443 2722 etiam
455 2687 534 2722 cursu
546 2671 676 2738 quatiunt,
690 2676 717 2722 et
729 2671 780 2722 sole
792 2671 915 2737 fatigant,

264 2737 355 2795 Quum
364 2738 489 2804 graviter
502 2740 588 2793 tunsis
600 2739 684 2810 gemit
696 2756 757 2792 area
767 2739 897 2808 frugibus,
908 2745 936 2791 et
947 2755 1029 2806 quum

241 2799 415 2867 Sweentem
428 2809 467 2863 ud
478 2812 642 2886 Zephyrum
655 2809 743 2883 palere
753 2809 892 2877 jactentur
902 2807 1006 2857 inanes.

603 2899 617 2924 ⁰
629 2892 798 2944 Florentisque
