2700 3242
273 323 306 376 la
504 320 532 374 P.
551 321 706 374 VlRGlhll
724 320 886 374 sinuosis

271 415 388 468 Carduus
401 420 428 468 et
440 416 522 484 spinis
534 417 619 484 surgit
631 416 750 484 paliurus
762 417 854 470 acutis.

271 483 392 552 Spargite
404 485 516 537 humum
527 486 604 552 foliis,
617 486 735 538 inducito
747 486 864 537 fontibus
876 484 990 552 umbras,
1084 489 1119 538 40

271 553 397 619 Pastores‚
410 555 520 606 mandat
532 555 589 606 fieri
601 555 650 606 sibi
663 555 727 606 talia
739 555 860 622 Daphnis
870 574 877 618 ;

246 690 248 692 Ι
271 623 306 675 Et
318 623 453 675 tumulum
464 624 551 690 facite,
564 630 590 676 et
603 624 706 676 tumulo
719 625 886 691 superaddite
899 641 1020 677 carmen:

270 692 390 760 Daphnis
403 710 450 760 ego
462 693 490 744 in
503 693 583 760 silvis,
596 693 658 744 hinc
670 710 754 761 usqne
766 693 800 744 ad
813 694 899 746 sidera
911 700 997 760 notus,

270 761 387 814 Formosi
399 763 497 830 pecoris
511 763 752 829 custos-formosior
763 762 825 830 ipse.

305 831 380 884 Man
398 831 460 884 'lale
473 838 551 884 tuum
563 848 667 883 samen
680 832 760 896 nohis,
773 832 862 884 divine
873 833 960 901 po'e'ta,

271 899 354 963 Quale
367 918 442 968 sopor
454 901 526 952 fessis
539 901 567 952 in
579 900 704 968 gramine,
717 901 795 968 quale
807 918 854 968 per
866 901 960 952 aestum

270 968 361 1021 Dulcis
374 987 448 1037 aqua
461 970 571 1022 saliente
583 971 655 1022 sitim
666 970 829 1036 restinguere
841 971 897 1022 rivo
909 989 916 1033 ;

270 1037 325 1091 Noc
338 1039 444 1091 calamis
457 1040 540 1091 solum
553 1039 705 1108 aequiparas,
718 1040 763 1090 sed
775 1056 837 1092 voce
849 1040 1013 1108 magistrum.

270 1106 415 1161 Fortunate
427 1125 499 1177 puer,
512 1115 544 1161 tu
556 1126 627 1160 nune
639 1108 689 1160 eris
701 1109 769 1160 alter
780 1108 813 1159 ab
825 1109 878 1162 illa

270 1176 323 1228 Nos
336 1183 425 1229 tamen
438 1178 494 1230 haee
506 1195 671 1246 quocumque
683 1178 759 1230 modo
772 1177 923 1231 tibinostra
934 1177 1048 1231 vicissim
1084 1181 1118 1229 50

270 1245 401 1314 Dicemus,
414 1247 592 1316 Daphninque
604 1253 683 1299 tuum
695 1247 816 1299 tollemus
828 1248 862 1300 ad
875 1254 963 1311 astra;
996 1273 999 1279 ·

270 1314 398 1384 Daphnin
410 1317 444 1369 ad
456 1324 527 1370 astra
538 1318 668 1370 feremus:
687 1317 787 1370 amavit
799 1335 846 1370 nos
858 1335 961 1386 quoque
974 1317 1101 1385 Daphnis.

294 1385 366 1438 Mor.
385 1385 427 1437 An
440 1387 585 1455 quidquam
597 1387 671 1439 nobis
685 1387 733 1439 tali
745 1388 780 1439 sit
792 1405 900 1440 munere
911 1389 997 1455 majus
1008 1387 1017 1441 l

270 1453 306 1506 Et
318 1472 384 1523 puer
395 1455 451 1524 ipse
463 1456 516 1509 fuit
528 1457 630 1509 cantari
643 1457 745 1524 dignus,
759 1462 785 1508 et
797 1457 849 1508 ista

270 1523 290 1576 J
290 1541 334 1576 am
345 1525 447 1592 pridem
459 1525 586 1578 Stimicon
598 1525 718 1578 laudavit
731 1525 847 1576 earmina
858 1525 940 1577 nobis.

305 1593 380 1645 Mna.
399 1593 531 1646 Candidus
544 1595 678 1646 insuetum
690 1594 802 1644 miratur
814 1594 895 1644 limen
908 1592 1014 1661 Olympi

270 1660 324 1714 Sub
336 1663 498 1731 pedibusque
510 1664 583 1716 videt
595 1663 677 1714 nubes
690 1667 717 1714 et
728 1662 814 1713 sidera
826 1662 953 1729 Daphnis.

270 1730 339 1798 Ergo
351 1732 444 1784 alacris
457 1733 536 1784 silvas
548 1738 575 1784 et
587 1739 673 1784 cetera
685 1748 748 1782 rura
759 1730 882 1798 voluptas

270 1799 395 1869 Panaque
407 1808 574 1869 pastoresque
587 1806 659 1852 tenet
671 1799 843 1866 Dryadasque
855 1799 973 1867 puellas:

270 1868 325 1922 Nee
337 1870 416 1938 lupus
428 1870 535 1922 insidias
548 1870 641 1938 pecori,
653 1886 702 1920 nec
714 1869 782 1920 retia
793 1869 876 1920 cervis
1085 1874 1118 1922 60

270 1938 332 1991 Ulla
344 1939 433 1991 dolum
445 1939 606 1991 meditantur
617 1958 623 1999 ;
641 1943 714 1990 amat
725 1938 809 1990 bonus
821 1938 875 1991 otia
887 1938 1014 2006 Daphnis.

270 2007 326 2077 Ipsi
338 2008 432 2060 laetitia
445 2025 519 2061 voees
531 2009 565 2060 ad
578 2008 663 2060 sidera
671 2009 777 2074 jactant

271 2077 373 2130 Intonsi
384 2082 485 2129 montes
496 2095 503 2140 ;
520 2076 583 2145 ipsae
592 2079 650 2144 jam
661 2076 778 2128 earmina
789 2094 875 2145 rupes,

271 2147 335 2214 Ipsa
347 2152 441 2199 sonant
453 2146 577 2199 arbusta:
595 2148 608 2174 “
616 2147 688 2211 deus,
701 2147 765 2197 deus
777 2147 830 2212 ille,
843 2145 986 2200 llenalea.’'

270 2215 311 2269 Sis
323 2215 405 2268 bonus
418 2233 433 2268 o
444 2215 561 2282 felixque
573 2215 643 2267 tuis!
663 2232 696 2267 en
709 2220 822 2281 quatuor
833 2234 891 2267 anas
901 2234 908 2270 ε

269 2285 339 2338 Ecce
350 2286 415 2337 duas
428 2284 485 2351 tibi,
497 2284 611 2353 Daphni,
625 2284 690 2336 duas
703 2285 797 2336 altaria
809 2285 914 2340 Phoebo.

270 2353 369 2407 Pocula
380 2354 443 2407 bina
455 2372 522 2407 novo
535 2354 686 2422 spumantia
698 2355 766 2406 laete
779 2356 926 2423 quotannis,

271 2423 441 2492 craterasque
453 2425 505 2476 duo
518 2430 633 2477 statuam
645 2424 696 2476 tibi
708 2424 814 2492 pinguis
827 2425 889 2478 olivi
900 2445 907 2489 ;

271 2491 307 2544 Et
319 2494 403 2545 multo
416 2494 444 2544 in
456 2494 547 2562 primis
559 2494 675 2546 hilarans
688 2494 808 2546 convivia
820 2495 931 2561 Baccho,

271 2563 342 2614 Ante
354 2563 449 2630 focum,
462 2564 484 2614 si
496 2564 580 2630 frigus
593 2564 649 2628 erit,
663 2564 684 2615 si
696 2564 793 2628 messis,
806 2564 835 2615 in
847 2565 947 2632 umbra,
1085 2565 1119 2618 70

272 2630 342 2684 Vina
354 2649 452 2684 novum
464 2633 575 2684 fundam
587 2634 698 2685 calathis
711 2633 816 2685 Ariusia
827 2639 924 2686 nectar.

271 2701 423 2753 Oantahunt
435 2703 502 2754 mihi
513 2703 647 2754 Damoetas
660 2708 687 2754 et
700 2703 807 2768 Lyctius
819 2703 924 2770 AEgon;

247 2763 393 2816 Saleantes
400 2770 515 2838 Satyros
525 2772 576 2824 itm
578 2771 633 2826 tabi
635 2777 681 2826 tur
693 2771 885 2844 Alphesihoeus.

227 2821 306 2874 Bae
317 2833 496 2908 trhr'semper
508 2850 600 2915 erunt,
614 2851 643 2901 et
657 2865 748 2922 quum
761 2851 894 2910 solemma
902 2853 971 2906 uolt·
