2700 3242
529 309 695 364 AENEIDOS
712 311 779 364 LIB.
797 312 830 366 X.
1048 317 1096 366 301

255 405 346 462 Litora
357 409 498 479 praecipere
517 416 545 464 et
556 413 692 465 venientes
701 412 798 481 pellere
810 421 886 466 terro.

255 474 345 545 [Ultro
355 479 456 531 animos
468 451 539 533 odiit
551 481 636 544 dictis,
649 487 730 550 utque
742 483 861 552 increpat
873 482 944 535 ultro
955 481 974 550 :]

257 547 353 612 “Quod
365 548 433 601 votis
445 549 555 609 optastis
567 549 648 609 adest,
663 551 823 618 perfringere
836 550 936 603 dextra.

254 614 288 667 In
300 614 423 667 munibus
433 615 506 668 Mam
518 617 580 684 ipse,
593 617 651 670 viri
686 617 712 669 N
713 635 765 669 unc
778 617 898 685 conjugis
911 624 966 670 esto
1047 620 1097 671 280

254 684 373 752 Quisque
384 702 439 737 suae
452 686 568 753 tectique
580 703 696 749 memor;
715 703 787 739 nunc
799 704 898 754 magna
909 689 1005 740 referto

252 751 345 820 Foeta,
357 762 464 823 potrum
476 755 575 808 londes.
611 756 688 808 Ultro
700 772 866 808 occurramus
878 757 913 808 ad
925 757 1033 823 undam,

252 821 326 874 Dum
339 824 442 893 trepidi,
456 825 604 892 egressique
615 824 708 878 labent
719 825 832 892 vestigio
844 826 937 894 primu

251 889 389 945 Audentes
400 894 507 946 fortune.
515 892 615 961 juvat”

250 960 319 1013 Haec
331 962 377 1029 uit,
390 968 418 1015 et
430 980 518 1015 secum
530 968 624 1030 versat,
637 980 702 1032 quos
715 962 810 1016 ducere
822 969 923 1031 contra,

251 1029 302 1083 Vel
314 1030 410 1099 quibus
422 1030 535 1084 obsessos
548 1032 630 1100 possit
642 1033 795 1085 concredere
807 1050 902 1086 muros.

287 1099 393 1153 Interea
404 1101 501 1153 AEneos
513 1101 595 1153 socios
607 1102 639 1153 de
651 1102 785 1171 puppibus
797 1101 858 1154 altis

251 1166 381 1225 Pontibus
393 1171 510 1239 exponit.
545 1170 628 1222 Multi
640 1188 742 1223 servare
753 1188 873 1223 recursus

250 1237 414 1306 Languentis
460 1239 521 1307 lugi,
534 1245 562 1292 et
573 1238 696 1292 brevibus
709 1257 736 1291 se
749 1241 852 1292 credere
864 1239 953 1305 saltu3

250 1305 302 1360 Per
313 1325 397 1360 remos
409 1327 425 1361 a
499 1308 655 1377 Speculatus
667 1309 746 1362 litora
758 1310 884 1378 Tarchon,
1044 1313 1095 1362 200

250 1375 311 1439 Qua
322 1377 391 1430 vado
402 1395 455 1430 non
468 1378 577 1446 spirant,
589 1395 638 1430 nec
649 1379 735 1430 fractu
746 1386 922 1431 remurmurat
934 1380 1014 1447 undo,

250 1445 302 1497 Sed
314 1463 386 1499 mere
398 1447 556 1500 inoffensum
568 1448 695 1500 crescenti
706 1447 832 1500 allabitur
844 1455 918 1516 cestu,

249 1514 375 1568 Advertit
387 1516 474 1569 subito
486 1534 582 1586 proras,
595 1517 728 1585 sociosque
740 1524 879 1586 precatur:

250 1585 265 1614 ‘⁴
274 1586 361 1654 Nunc,
373 1603 389 1638 o
401 1585 470 1639 lecte
481 1604 582 1649 manus,
595 1587 690 1638 validis
702 1584 847 1637 incumbite
858 1583 952 1638 remis:

249 1651 353 1720 Tollite,
365 1654 433 1705 ferte
444 1658 532 1717 rates;
549 1653 685 1705 inimicam
696 1654 790 1707 findite
801 1654 891 1706 rostris

249 1721 329 1775 Hanc
341 1729 445 1790 terrem,
458 1723 614 1789 sulcumque
626 1722 675 1774 sibi
688 1730 791 1791 premat
802 1724 860 1793 ipsc
872 1723 968 1777 carino.

249 1790 383 1859 Frangere
394 1809 443 1844 nec
455 1791 504 1844 toli
516 1793 628 1861 puppim
640 1793 755 1845 statione
766 1810 865 1860 recuso,

248 1860 363 1929 Arrepto
376 1861 470 1914 tellure
484 1861 588 1916 semel.”
625 1861 689 1926 Quae
701 1862 767 1914 talin
778 1867 917 1928 postquam

248 1928 354 1982 Effatus
366 1931 493 1997 Tarchon,
505 1929 568 1983 socii
581 1947 736 1997 consurgere
748 1929 837 1994 tonsis,

247 1998 460 2068 Spumantesque
471 2004 541 2052 retes
552 1999 621 2052 ervis
633 1999 730 2051 inferre
742 1998 844 2050 Ietinis
854 2017 861 2061 ;
1040 1998 1092 2048 300

247 2067 339 2121 Donec
350 2075 435 2122 rostra
446 2074 539 2122 tenent
550 2069 658 2131 siccum,
671 2073 699 2120 et
711 2067 800 2120 sedere
811 2068 908 2119 carinae

248 2137 346 2191 Omnes
357 2139 478 2191 innocuae
490 2155 496 2192 :
514 2138 559 2190 sed
571 2154 623 2191 non
637 2137 734 2258 puppis
746 2144 801 2203 tua,
814 2137 940 2190 Tarchon.

246 2207 274 2260 N
274 2225 369 2277 amque
381 2208 483 2260 inflicta
495 2207 569 2260 vadis
581 2208 656 2260 dorso
688 2224 733 2258 um
745 2206 843 2274 pendet
854 2205 953 2274 iniquo,

246 2276 352 2346 Anceps
364 2283 512 2330 sustentatu
524 2277 579 2343 diu,
591 2277 741 2344 fluctusque
752 2275 867 2342 fatigat:

246 2345 372 2413 Solvitur,
385 2353 464 2415 utque
476 2347 545 2399 viros
557 2346 650 2398 mediis
662 2345 772 2414 exponit
784 2345 812 2395 in
825 2344 921 2408 undis3

246 2413 390 2483 Fragminu
401 2433 533 2468 remorum
545 2433 609 2482 quos
621 2420 648 2467 et
660 2414 796 2466 fluitantia
809 2420 924 2466 transtro

247 2484 409 2553 Impediunt,
421 2485 585 2552 retrahitque
598 2485 692 2553 pedem
704 2484 782 2536 simul
794 2483 867 2535 unda
878 2481 1003 2535 relabens.

282 2554 307 2605 N
308 2571 337 2606 ec
350 2555 468 2607 Turnum
481 2555 567 2622 segnis
579 2554 676 2606 retinet
688 2570 777 2606 mora:
796 2553 840 2604 sed
853 2552 923 2620 rapit
935 2568 995 2604 acer

245 2623 340 2676 'Potum
353 2625 435 2676 aciem
446 2625 476 2676 in
488 2625 607 2690 Teucros,
620 2629 647 2674 et
659 2628 751 2674 contra
763 2622 791 2673 in
803 2621 880 2673 litore
892 2621 970 2674 sistit.

245 2693 329 2760 Signa
341 2699 448 2746 canunt.
484 2693 588 2744 Primus
601 2699 702 2744 turmas
714 2691 811 2742 invasit
823 2695 939 2757 agrestes
1038 2691 1090 2741 310

244 2762 349 2827 AEneas,
362 2780 435 2813 omen
446 2779 554 2830 pugnae,
567 2761 720 2831 stravitque
729 2760 856 2828 Latinos,

237 2830 326 2879 Occiso
338 2829 464 2899 Therone,
480 2831 568 2886 virum
582 2835 634 2905 qui
646 2835 794 2890 maximus
805 2831 885 2888 ultio
