2700 3242
269 299 319 354 106
504 295 533 347 Ρ.
548 294 701 347 VIRGILll
719 292 880 346 MARONIS

272 396 293 448 Ο
306 395 360 447 sola
372 394 493 447 infandos
505 395 587 463 Trojae
599 395 722 445 miserata
734 393 840 457 labores,

272 465 335 528 Qua
348 481 402 530 nos,
414 464 537 532 reliquias
549 465 679 528 Danaum,
692 470 819 530 terraeque
831 461 962 530 marisque

272 534 398 586 Omnibus
411 533 551 585 exhaustos
560 536 617 601 jam
629 532 738 598 casibus,
751 532 868 584 omnium
881 549 983 598 egenos,

271 602 348 669 Urbe,
361 604 444 669 domo,
458 603 555 656 socias!
574 609 661 670 grates
673 602 817 669 persolvere
830 601 924 668 dignus

270 672 330 724 Non
343 673 398 740 opis
411 678 450 724 est
462 680 565 737 nostra,
578 671 654 736 Dido,
666 688 715 722 nec
727 671 854 738 quidquid
867 670 964 737 ubique
977 678 1017 722 est

272 742 363 793 Gentis
374 741 521 807 Dardania,
533 757 659 807 magnum
672 757 730 808 quae
743 757 832 808 sparsa
843 757 890 808 per
902 739 996 792 orbem

271 810 306 862 Di
319 811 374 877 tibi,
388 810 409 862 si
422 828 474 878 qua
486 811 542 879 pios
553 816 702 877 respectant
715 809 831 874 numina,
843 809 865 860 si
878 808 943 876 quid

272 879 388 947 Usquam
397 880 503 947 justitia
515 886 554 931 est
566 886 593 931 et
604 895 678 930 mens
690 878 739 929 sibi
751 879 853 931 conscia
864 879 937 942 recti,

271 949 382 1001 Praemia
395 949 476 1015 digna
487 949 580 1000 ferant.
611 948 675 1011 Quae
688 954 715 999 te
728 954 783 1000 tem
795 948 857 1000 laeta
869 948 990 1000 tulerunt

271 1017 372 1071 Saecula
382 1017 392 1070 l
411 1018 457 1085 qui
468 1017 538 1069 tanti
550 1017 630 1069 talem
642 1034 755 1084 genuere
767 1017 904 1085 parentes?

272 1087 305 1139 Iu
316 1088 384 1139 freta
397 1087 461 1138 dum
472 1087 546 1138 fluvii
559 1093 672 1151 current,
686 1086 749 1137 dum
761 1086 894 1139 montibus
906 1086 1008 1139 umbrae

272 1155 433 1210 Lustrabunt
445 1173 569 1224 convexa,
581 1155 656 1224 polus
668 1156 732 1206 dum
745 1156 829 1208 sidera
841 1164 948 1224 pascet:

271 1225 378 1295 Semper
389 1225 470 1278 honos
482 1243 628 1293 nomenque
641 1231 725 1292 tuum,
738 1226 881 1292 laudesque
893 1225 1045 1289 manebunt,

272 1295 336 1359 Quae
347 1313 390 1348 me
402 1312 514 1363 cumque
525 1303 619 1348 vocant
632 1297 733 1347 terrae.‘’
768 1296 811 1349 Sic
824 1298 903 1364 fatus,
915 1296 1031 1349 amicum

272 1364 372 1417 Ilionea
385 1365 453 1432 petit
465 1365 565 1431 dextra,
578 1364 695 1432 laevaque
708 1365 839 1417 Serestum
850 1385 856 1428 ;

271 1433 334 1486 Post
346 1434 417 1500 alios,
430 1434 575 1502 fortemque
589 1434 670 1501 Gyan,
684 1434 829 1502 fortemque
842 1435 1007 1488 Cloanthum.

307 1502 451 1570 Obstupuit
462 1505 545 1571 primo
558 1510 665 1571 aspectu
678 1502 785 1554 Sidonia
796 1504 871 1570 Dido,

271 1571 339 1623 Casu
352 1571 446 1623 deinde
456 1573 505 1623 viri
518 1579 609 1635 tant03
627 1579 654 1623 et
667 1572 703 1622 sic
715 1589 758 1623 ore
770 1572 858 1624 locuta
871 1577 925 1624 est:

271 1639 285 1661 “
296 1637 360 1699 Quis
373 1643 406 1701 te,
419 1645 481 1691 uate
495 1640 550 1703 dea,
563 1657 609 1706 per
622 1647 697 1691 tanta
709 1640 827 1708 pericula
839 1657 914 1692 casus

271 1699 424 1770 Insequitur
434 1703 443 1754 'l
462 1721 520 1771 quae
533 1704 571 1756 vis
583 1705 741 1757 immanibus
753 1707 871 1774 applicat
883 1705 954 1759 orisl

271 1773 345 1823 ‘l'une
358 1771 402 1823 ille
415 1771 518 1840 AEneas,
531 1791 607 1840 quem
621 1773 754 1826 Dardanio
767 1775 888 1828 Anchisae

271 1841 349 1892 Alma
362 1841 451 1892 Venus
463 1841 572 1910 Phrygii
584 1844 678 1910 genuit
690 1844 831 1896 Simoentis
842 1846 876 1897 ad
888 1846 1006 1900 undam?

271 1911 360 1976 Atque
372 1911 493 1978 equidem
505 1912 633 1964 Teucrum
645 1914 754 1965 memini
766 1914 863 1966 Sidona
875 1917 971 1980 venire,

272 1979 380 2030 Finibus
393 1981 533 2048 expulsum
545 1983 643 2050 patriis,
657 2000 725 2034 nora
737 2001 818 2050 regna
830 1990 963 2051 petentem

271 2049 378 2101 Auxilio
391 2049 464 2102 Beli:
483 2051 585 2118 genitor
597 2058 655 2102 tum
667 2052 746 2104 Belus
759 2053 873 2120 opimam

273 2117 399 2170 Vastabat
412 2119 534 2187 Cyprum,
547 2127 573 2172 et
586 2121 668 2172 victor
681 2121 779 2173 ditione
792 2123 912 2176 tenebat:

271 2187 395 2256 Tempore
403 2190 460 2256 jam
473 2205 505 2240 ex
518 2189 564 2240 illo
576 2206 650 2242 casus
662 2191 728 2241 mihi
741 2192 861 2258 cognitus
873 2193 945 2243 urbis

271 2254 395 2326 Trojanae,
408 2275 553 2326 nomenque
566 2266 650 2324 tuum,
662 2277 787 2326 regesque
800 2260 910 2329 Pelasgi.

272 2326 284 2378 l
290 2344 332 2394 pse
344 2327 426 2379 hostis
438 2328 548 2379 Teucros
560 2328 657 2395 insigni
669 2329 748 2380 laude
760 2329 866 2396 ferebat,

270 2394 354 2463 §eque
367 2406 453 2448 ortum
465 2398 575 2465 antiqua
587 2399 744 2450 Teucrorum
757 2399 790 2450 ab
803 2400 883 2467 stirpe
895 2400 1007 2455 volebat.

271 2465 356 2527 Quare
369 2466 447 2532 agite,
460 2483 474 2518 o
487 2467 570 2531 tectis,
579 2469 697 2534 juvenes,
710 2468 841 2520 succedite
853 2471 955 2523 nostris.

271 2532 314 2585 lle
327 2551 429 2602 quoque
442 2553 488 2602 per
500 2536 596 2588 multos
608 2537 700 2588 similis
712 2538 819 2589 fortuna
830 2538 929 2590 labores
995 2542 997 2544 ’

270 2601 405 2655 lactatam
418 2604 467 2655 hac
480 2604 585 2655 demum
598 2605 682 2657 voluit
695 2607 833 2658 consistere
845 2614 921 2661 terra.

271 2673 329 2723 Non
342 2673 434 2739 ignara
445 2674 508 2724 mali
521 2675 620 2725 miseris
634 2692 782 2726 succurrere
794 2675 888 2729 disco.”

255 2740 306 2791 b'ic
314 2749 464 2796 memorat:
482 2742 563 2797 simul
575 2743 680 2797 AEnean
691 2744 721 2796 iu
731 2745 805 2814 regia
815 2746 890 2797 ducit

243 2804 328 2863 stota
333 2828 349 2874 ,¹
365 2813 453 2869 minul
466 2816 495 2871 di
498 2834 566 2872 vum
578 2816 689 2887 templis
701 2815 801 2870 indicit
808 2815 946 2866 bonorem.
