2700 3242
272 305 303 363 ’ῖο
501 309 529 361 P.
542 306 697 362 VIRGILII
716 309 877 360 MARONIS

268 410 371 462 Profuit
384 411 501 461 incensos
514 417 592 462 astus
605 418 728 477 avertere,
741 416 768 462 et
780 411 849 462 inter

271 481 329 531 Ima
342 481 418 531 ferire
430 480 504 547 pedis
517 480 653 531 salientem
666 480 793 546 sanguine
805 496 914 542 vcnam3

267 549 375 601 Bisaltae
388 566 439 616 quo
451 566 521 600 more
535 549 625 615 solent,
638 566 750 616 acerque
762 549 882 614 Gelonus,

268 618 357 681 Quum
368 619 440 685 fugit
451 619 480 669 in
493 618 643 686 Rhodopen,
656 625 737 686 atque
749 618 777 668 in
790 618 892 668 deserta
904 617 1037 684 Getarum,

267 686 303 739 Et
316 687 357 738 lac
369 693 520 739 concretum
533 704 594 739 cum
607 687 735 754 sanguine
747 692 822 755 potat
834 686 936 754 equino.

303 755 389 820 Quam
400 757 491 825 procul
503 762 551 808 aut
562 755 636 806 molli
648 756 784 807 succedere
796 757 891 823 saepius
902 754 1003 807 umbrae

267 824 378 892 Videris,
390 830 438 876 aut
451 842 565 877 summas
577 831 728 892 carpentem
741 825 861 891 ignavius
874 824 974 890 herbas,

267 893 472 962 Extremamque
485 894 564 960 sequi,
577 899 624 945 aut
636 894 722 945 medio
735 892 903 961 procumbere
914 910 1008 962 campo

266 962 428 1028 Pascentem,
441 968 468 1014 et
481 978 542 1014 serae
555 963 637 1014 solam
649 962 773 1014 decedere
784 963 873 1015 nocti:

267 1031 397 1085 Continuo
409 1032 515 1100 culpam
526 1032 594 1082 ferro
606 1041 747 1099 compesce,
758 1032 831 1099 prius
844 1047 924 1100 quam

266 1100 332 1154 Dira
344 1118 390 1169 per
401 1101 539 1152 incautum
552 1106 658 1168 serpant
670 1101 793 1167 contagia
804 1101 907 1167 vulgus.

266 1170 293 1222 N
294 1187 328 1223 on
340 1177 395 1222 tam
408 1169 496 1221 creber
508 1186 589 1237 agens
601 1169 715 1221 hiemem
726 1171 781 1221 ruit
794 1186 897 1236 aequore
909 1168 995 1236 turbo,
1061 1185 1069 1220 ι.

268 1240 354 1303 Quam
365 1238 458 1290 multae
470 1239 601 1307 pecudum
613 1244 715 1306 pestes:
733 1255 782 1289 nec
795 1238 900 1305 singula
911 1238 995 1290 morbi

267 1309 380 1377 Corpora
392 1308 546 1377 corripiunt,
558 1308 603 1360 sed
615 1313 672 1359 tota
685 1308 776 1360 aestira
787 1313 903 1376 repente,

266 1377 285 1430 S
304 1394 396 1446 emque
405 1394 562 1446 gregemque
570 1377 655 1444 simul,
661 1383 836 1443 cunctamque
846 1376 879 1428 ab
888 1377 988 1444 origine
997 1383 1069 1444 gent«

267 1396 335 1499 didm
348 1446 420 1512 sciat,
432 1446 518 1499 acrias
530 1446 610 1514 Alpes
622 1451 649 1497 et
661 1446 757 1497 Norica
769 1447 790 1496 si
803 1446 861 1513 quis

267 1516 381 1568 castella
392 1516 421 1567 in
433 1515 550 1582 tumulis,
563 1521 590 1567 et
603 1515 710 1582 Iapydis
723 1532 786 1566 arva
797 1515 908 1582 Timavi,

266 1584 345 1637 Nunc
357 1601 460 1652 quoque
472 1589 530 1652 post
542 1590 617 1636 tanto
630 1584 726 1650 rideat,
739 1584 891 1651 desertaque
903 1601 984 1651 regua

267 1653 413 1720 Pastorum,
426 1659 452 1705 et
464 1653 541 1720 longe
554 1654 636 1704 saltus
648 1653 753 1720 lateque
766 1659 896 1705 vacantes.

304 1723 357 1774 Hic
370 1723 502 1790 quondam
513 1722 601 1774 morbo
614 1722 673 1774 coeli
684 1723 834 1774 miseranda
846 1729 933 1774 coorta
945 1728 985 1774 est

267 1791 426 1860 Tempestas,
439 1796 546 1859 totoque
557 1793 696 1843 auctumni
707 1792 846 1843 incanduit
859 1798 931 1859 aestu,

268 1860 303 1913 Et
315 1878 397 1929 genus
410 1878 485 1913 omne
497 1862 556 1912 neci
568 1861 700 1930 pecudum
712 1861 792 1927 dedit,
805 1878 881 1912 omne
893 1862 1026 1925 ferarum3
1062 1881 1069 1902 ι

270 1930 443 1998 Corrupitque
455 1930 527 1981 lacus
539 1949 545 1994 ;
563 1930 656 1982 infecit
668 1930 766 1998 pabula
778 1930 846 1982 tabo.

268 1999 324 2052 Nec
337 2000 380 2052 via
391 1999 482 2051 mortis
495 2007 551 2051 erat
564 2000 675 2068 simplex
686 2019 693 2063 3
712 2000 757 2051 sed
769 1999 815 2050 ubi
827 2001 905 2066 ignea
917 2001 991 2053 venis

270 2068 397 2120 Omnibus
409 2077 469 2120 acta
482 2069 538 2120 sitis
549 2070 656 2120 miseros
668 2070 816 2121 adduxerat
828 2077 909 2136 artus,

269 2137 370 2190 Rursus
382 2137 534 2189 abundabat
545 2138 643 2189 fluidus
655 2138 749 2205 liquor,
762 2139 901 2205 omniaque
912 2139 941 2189 in
954 2156 981 2190 se

270 2208 334 2259 Ossa
346 2206 499 2258 minutatim
510 2206 598 2257 morbo
611 2207 725 2274 collapsa
738 2207 865 2258 trahebat.

269 2275 343 2344 Saepe
355 2276 383 2327 in
396 2276 492 2328 honore
504 2275 583 2327 deirm
595 2277 680 2328 medio
694 2282 765 2327 stans
777 2276 864 2328 hostia
875 2276 909 2328 ad
922 2293 1003 2343 aram,

269 2345 358 2398 Lance
370 2345 433 2396 dum
445 2344 522 2397 nivea
534 2345 712 2398 circumdatur
724 2346 810 2396 infula
821 2346 897 2411 vitta,

271 2414 345 2466 Inter
357 2420 511 2466 cunctantes
524 2415 619 2466 cecidit
631 2414 789 2466 moribunda
801 2415 940 2468 ministros.

269 2485 326 2535 Aut
339 2484 360 2534 si
372 2499 451 2550 quam
463 2485 531 2535 ferro
543 2490 705 2536 mactaverat
716 2489 778 2535 ante
791 2484 916 2551 sacerdos,

271 2552 337 2604 Inde
349 2569 433 2619 neque
445 2553 573 2620 impositis
585 2554 679 2604 ardent
691 2553 786 2604 altaria
797 2552 876 2618 fibris,

269 2621 326 2673 Nec
337 2638 460 2689 responsa
471 2628 557 2689 potest
570 2623 705 2674 consultus
716 2623 824 2673 reddere
836 2628 909 2673 vates
919 2640 927 2686 ;

270 2690 310 2742 Ac
322 2690 368 2742 vix
380 2692 508 2759 suppositi
520 2691 662 2758 tinguntur
673 2692 801 2757 sanguine
813 2690 899 2757 cultri,

253 2756 423 2832 Summaque
426 2761 526 2829 jejuna
538 2761 613 2816 sanie
625 2761 776 2815 infuscatur
787 2776 875 2813 arena.

236 2819 405 2884 Ernolatia
418 2831 502 2889 rituli
514 2834 599 2908 wdgo
612 2835 773 2892 moriuntm
783 2833 817 2887 in
825 2828 920 2884 herbis
