2700 3242
258 297 309 351 128
493 299 521 351 P.
535 299 689 351 VIRGILII
708 299 870 352 MARONIS

261 399 317 454 Has
330 401 424 454 evertit
436 418 503 470 opes,
516 402 661 469 sternitque
673 418 690 452 a
701 400 816 453 culmine
828 401 939 468 'frojam

262 471 371 538 Aspice:
389 487 502 538 namque
515 488 624 533 omnem,
637 487 695 537 quae
707 487 778 521 nunc
791 470 904 522 obducta
916 471 1005 525 tuenti

262 538 386 592 Mortales
398 539 505 592 hebetat
518 541 588 591 visus
601 539 649 591 tibi
663 545 692 593 et
704 539 815 593 humida
827 542 926 594 circum

262 608 372 676 Caligat,
384 609 480 661 nubem
493 609 617 676 eripiam:
636 614 667 660 tu
680 627 713 659 ne
726 626 778 676 qua
790 609 905 676 parentis

261 677 341 730 Jussa
354 678 424 743 time,
437 695 490 730 neu
501 678 638 746 praeceptis
650 695 740 745 parere
752 695 850 730 recusa.

263 746 321 812 Hic,
334 747 380 799 ubi
392 747 513 815 disjectas
525 747 605 799 moles
618 747 761 814 avulsaque
774 747 843 798 saxis

261 815 331 868 Saxa
344 816 423 881 vides,
435 816 571 884 mixtoque
582 815 727 868 undantem
740 816 847 883 pulvere
859 817 972 880 fumum,

263 884 402 954 Neptunus
413 903 500 936 muros
512 901 658 952 magnoque
671 893 757 936 emota
768 885 878 937 tridenti

263 953 447 1006 Fundamenta
459 954 552 1022 quatit,
566 960 700 1021 totamque
713 955 745 1005 ab
759 954 861 1006 sedibus
873 955 964 1006 mbcm

262 1022 346 1076 Eruit.
373 1023 425 1075 Hic
438 1023 457 1075 J
457 1041 510 1074 uno
523 1023 608 1075 Scaeas
621 1023 762 1074 saevissima
774 1030 861 1091 portas

263 1090 351 1144 Prima
363 1097 442 1158 tenet,
456 1093 606 1162 sociumque
618 1093 707 1144 furens
720 1093 858 1145 anavibus
870 1110 965 1162 agmon

262 1159 340 1214 Ferro
352 1162 470 1214 accincta
482 1168 565 1216 vocat.

262 1230 282 1282 J
283 1248 325 1283 am
338 1248 452 1283 summas
464 1248 535 1284 arces
547 1231 672 1297 Tritonia,
684 1231 790 1299 respice,
804 1231 891 1284 Pallas

265 1299 373 1366 Insedit,
385 1301 473 1353 nimbo
486 1301 612 1369 effulgens
625 1308 652 1353 et
665 1301 783 1368 Gorgone
796 1319 871 1366 saeva,

265 1369 324 1438 Ipse
337 1370 416 1423 Pater
428 1371 526 1423 Danais
539 1371 638 1423 animos
651 1370 768 1437 viresque
781 1371 907 1422 secundas

263 1439 383 1504 Sufficit;
401 1440 457 1509 ipse
469 1440 529 1492 deos
542 1441 570 1492 in
583 1440 707 1492 Dardana
720 1440 829 1491 suscitat
841 1457 921 1492 arma.

263 1507 350 1576 Eripe,
362 1515 431 1575 nate,
444 1509 542 1577 fugam,
556 1509 686 1576 finemque
698 1509 802 1576 impone
814 1509 903 1562 labori.

263 1577 400 1645 Nusquam
412 1578 495 1644 abero,
509 1584 535 1630 et
547 1585 637 1631 tutum
650 1579 735 1646 patrio
747 1583 774 1629 te
787 1578 877 1629 limine
889 1579 996 1633 sistam'

263 1645 374 1699 Dixerat
385 1666 391 1709 ;
409 1654 436 1698 et
448 1647 535 1715 spissis
548 1649 631 1699 noctis
644 1665 670 1700 se
683 1647 800 1699 condidit
812 1647 918 1700 umbris.

263 1716 399 1784 Apparent
411 1716 474 1767 dirae
487 1716 574 1783 facies,
586 1717 744 1786 inimicaque
757 1717 838 1785 Trojae

264 1784 381 1837 Numina
392 1802 488 1852 magna
501 1785 585 1838 deum

276 1905 279 1911 ,
298 1853 312 1878 “
321 1852 387 1903 Tum
400 1869 460 1903 rero
473 1867 548 1903 omne
561 1850 627 1902 mihi
639 1850 725 1901 visum
738 1849 870 1902 considere
882 1849 910 1900 in
922 1849 996 1916 ignes

265 1918 352 1984 ilium,
361 1925 388 1971 et
400 1935 433 1970 ex
445 1918 497 1969 imo
507 1919 574 1970 verti
586 1918 721 1986 Neptunia
733 1918 827 1985 Troja3

265 1989 303 2040 Ac
315 1988 399 2040 veluti
411 1987 518 2040 summis
531 1988 667 2056 antiquam
679 1987 708 2038 in
719 1987 852 2040 montibus
864 2005 955 2040 ornum

265 2057 353 2121 Quum
365 2057 432 2109 ferro
444 2058 556 2109 accisam
568 2056 714 2125 crebrisque
726 2056 881 2124 bipennibus
893 2058 995 2111 instant

266 2127 362 2178 Emere
374 2127 493 2194 agricola
507 2127 627 2178 certatim
637 2145 644 2189 ;
663 2126 709 2177 ilia
720 2143 803 2193 usque
814 2127 937 2193 minat-ur,

266 2197 300 2249 Et
313 2197 466 2248 tremefacta
478 2213 577 2247 comam
590 2212 713 2248 concusso
725 2197 822 2248 vertice
834 2203 920 2262 nutat,

266 2265 425 2317 Vulneribus
437 2265 518 2317 donec
530 2265 659 2334 paulatim
671 2265 757 2317 evicta
769 2283 919 2333 supremum

266 2335 427 2403 Congemuit,
440 2335 574 2403 traxitque
583 2335 654 2402 jugis
667 2335 758 2386 avrilsa
769 2336 880 2388 ruinam.

265 2404 408 2469 Descendo,
421 2421 452 2456 ac
465 2404 576 2456 ducente
589 2403 635 2455 deo
648 2403 780 2455 flammam
793 2405 862 2455 inter
874 2411 900 2457 et
911 2405 998 2457 hostes

266 2473 415 2608 Eiii‘iifii
422 2473 1037 2609 attitibtttatttttttitinius

264 2609 445 2677 Antiquasque
459 2616 553 2674 domos,
565 2610 674 2676 genitor,
688 2629 764 2677 quem
776 2613 867 2663 tollere
879 2617 907 2662 in
919 2613 985 2665 altos

266 2679 287 2729 Ο
307 2678 395 2730 tabam
407 2679 522 2746 primum
534 2686 641 2744 monteS,
654 2681 818 2747 primumque
830 2681 958 2750 petebam,

251 2696 380 2814 adrogas
393 2748 483 2802 excisa
496 2748 576 2801 vitam
591 2749 733 2822 producere
744 2751 830 2817 Troia,

235 2815 436 2894 Exsiliumque
448 2821 516 2895 pati.
558 2825 627 2881 ‘Vos
642 2843 666 2894 o,
679 2822 778 2896 quibus
788 2823 895 2888 'integer
907 2821 960 2871 aeis
