<?xml version="1.0" encoding="UTF-8"?>
<!DOCTYPE html PUBLIC "-//W3C//DTD XHTML 1.0 Transitional//EN"
    "http://www.w3.org/TR/xhtml1/DTD/xhtml1-transitional.dtd">
<html xmlns="http://www.w3.org/1999/xhtml" xml:lang="en" lang="en">
 <head>
  <title>
</title>
<meta http-equiv="Content-Type" content="text/html;charset=utf-8" />
  <meta name='ocr-system' content='tesseract 3.04.00' />
  <meta name='ocr-capabilities' content='ocr_page ocr_carea ocr_par ocr_line ocrx_word'/>
</head>
<body>
  <div class='ocr_page' id='page_1' title='image "./operaomnia00virggoog/operaomnia00virggoog_0207.png"; bbox 0 0 2700 3242; ppageno 0'>
   <div class='ocr_carea' id='block_1_1' title="bbox 514 301 1096 360">
    <p class='ocr_par' dir='ltr' id='par_1_1' title="bbox 514 301 1096 360">
     <span class='ocr_line' id='line_1_1' title="bbox 514 301 1096 360; baseline 0.009 -7"><span class='ocrx_word' id='word_1_1' title='bbox 514 301 682 355; x_wconf 83' lang='lat' dir='ltr'><strong>AENEIDOS</strong></span> <span class='ocrx_word' id='word_1_2' title='bbox 700 302 766 356; x_wconf 86' lang='lat' dir='ltr'><strong>LIB.</strong></span> <span class='ocrx_word' id='word_1_3' title='bbox 785 302 834 357; x_wconf 88' lang='lat' dir='ltr'><strong>VI.</strong></span> <span class='ocrx_word' id='word_1_4' title='bbox 1049 307 1096 360; x_wconf 78' lang='lat'><strong>201</strong></span> 
     </span>
    </p>
   </div>
   <div class='ocr_carea' id='block_1_2' title="bbox 250 399 1100 2889">
    <p class='ocr_par' dir='ltr' id='par_1_2' title="bbox 250 399 1100 1505">
     <span class='ocr_line' id='line_1_2' title="bbox 252 399 873 474; baseline 0.01 -22"><span class='ocrx_word' id='word_1_5' title='bbox 252 399 305 453; x_wconf 88' lang='lat' dir='ltr'><strong>Hic</strong></span> <span class='ocrx_word' id='word_1_6' title='bbox 317 402 431 454; x_wconf 88' lang='lat' dir='ltr'><strong>erudelis</strong></span> <span class='ocrx_word' id='word_1_7' title='bbox 443 421 516 456; x_wconf 85' lang='lat' dir='ltr'><strong>umor</strong></span> <span class='ocrx_word' id='word_1_8' title='bbox 528 405 599 456; x_wconf 80' lang='lat' dir='ltr'><strong>tauri</strong></span> <span class='ocrx_word' id='word_1_9' title='bbox 612 410 789 474; x_wconf 74' lang='lat' dir='ltr'><strong>suppostaque</strong></span> <span class='ocrx_word' id='word_1_10' title='bbox 801 405 873 457; x_wconf 85' lang='lat' dir='ltr'><strong>furto</strong></span> 
     </span>
     <span class='ocr_line' id='line_1_3' title="bbox 251 469 953 543; baseline 0.006 -22"><span class='ocrx_word' id='word_1_11' title='bbox 251 469 392 538; x_wconf 72' lang='lat' dir='ltr'><strong>Pasiphae,</strong></span> <span class='ocrx_word' id='word_1_12' title='bbox 404 473 572 540; x_wconf 83' lang='lat' dir='ltr'><strong>mixtumque</strong></span> <span class='ocrx_word' id='word_1_13' title='bbox 584 491 674 541; x_wconf 88' lang='lat' dir='ltr'><strong>genus,</strong></span> <span class='ocrx_word' id='word_1_14' title='bbox 688 475 824 543; x_wconf 84' lang='lat' dir='ltr'>prolesque</span> <span class='ocrx_word' id='word_1_15' title='bbox 836 474 953 526; x_wconf 87' lang='lat' dir='ltr'><strong>biformis</strong></span> 
     </span>
     <span class='ocr_line' id='line_1_4' title="bbox 250 538 960 609; baseline 0.004 -18"><span class='ocrx_word' id='word_1_16' title='bbox 250 538 421 593; x_wconf 76' lang='lat' dir='ltr'><strong>Minotaurus</strong></span> <span class='ocrx_word' id='word_1_17' title='bbox 433 542 509 609; x_wconf 89' lang='lat' dir='ltr'><strong>inest,</strong></span> <span class='ocrx_word' id='word_1_18' title='bbox 518 542 626 594; x_wconf 87' lang='lat' dir='ltr'><strong>Veneris</strong></span> <span class='ocrx_word' id='word_1_19' title='bbox 637 549 809 595; x_wconf 81' lang='lat' dir='ltr'><strong>monuments</strong></span> <span class='ocrx_word' id='word_1_20' title='bbox 820 542 941 595; x_wconf 79' lang='lat' dir='ltr'><strong>nefandae</strong></span> <span class='ocrx_word' id='word_1_21' title='bbox 952 562 960 608; x_wconf 89' lang='lat'>;</span> 
     </span>
     <span class='ocr_line' id='line_1_5' title="bbox 251 606 902 678; baseline 0.008 -19"><span class='ocrx_word' id='word_1_22' title='bbox 251 606 306 660; x_wconf 92' lang='lat' dir='ltr'><strong>Hic</strong></span> <span class='ocrx_word' id='word_1_23' title='bbox 318 609 392 662; x_wconf 79' lang='lat' dir='ltr'><strong>labor</strong></span> <span class='ocrx_word' id='word_1_24' title='bbox 402 610 449 662; x_wconf 89' lang='lat' dir='ltr'><strong>ille</strong></span> <span class='ocrx_word' id='word_1_25' title='bbox 461 611 561 678; x_wconf 89' lang='lat' dir='ltr'><strong>domus,</strong></span> <span class='ocrx_word' id='word_1_26' title='bbox 574 618 601 664; x_wconf 88' lang='lat' dir='ltr'><strong>et</strong></span> <span class='ocrx_word' id='word_1_27' title='bbox 612 612 803 665; x_wconf 84' lang='lat' dir='ltr'><strong>inextricabilis</strong></span> <span class='ocrx_word' id='word_1_28' title='bbox 816 629 902 664; x_wconf 88' lang='lat' dir='ltr'><strong>error:</strong></span> 
     </span>
     <span class='ocr_line' id='line_1_6' title="bbox 250 676 911 747; baseline 0.008 -19"><span class='ocrx_word' id='word_1_29' title='bbox 250 676 383 743; x_wconf 79' lang='lat' dir='ltr'><strong>Magnum</strong></span> <span class='ocrx_word' id='word_1_30' title='bbox 395 681 492 747; x_wconf 83' lang='lat' dir='ltr'><strong>reginae</strong></span> <span class='ocrx_word' id='word_1_31' title='bbox 506 681 550 732; x_wconf 91' lang='lat' dir='ltr'><strong>sed</strong></span> <span class='ocrx_word' id='word_1_32' title='bbox 563 681 634 733; x_wconf 88' lang='lat' dir='ltr'><strong>enim</strong></span> <span class='ocrx_word' id='word_1_33' title='bbox 645 681 784 733; x_wconf 84' lang='lat' dir='ltr'><strong>miseratus</strong></span> <span class='ocrx_word' id='word_1_34' title='bbox 797 699 911 733; x_wconf 85' lang='lat' dir='ltr'><strong>umorem</strong></span> 
     </span>
     <span class='ocr_line' id='line_1_7' title="bbox 250 745 925 818; baseline 0.007 -21"><span class='ocrx_word' id='word_1_35' title='bbox 250 745 385 815; x_wconf 82' lang='lat' dir='ltr'><strong>Doedslus,</strong></span> <span class='ocrx_word' id='word_1_36' title='bbox 397 749 453 816; x_wconf 91' lang='lat' dir='ltr'><strong>ipse</strong></span> <span class='ocrx_word' id='word_1_37' title='bbox 466 749 536 801; x_wconf 91' lang='lat' dir='ltr'><strong>dolos</strong></span> <span class='ocrx_word' id='word_1_38' title='bbox 548 751 614 802; x_wconf 91' lang='lat' dir='ltr'><strong>tecti</strong></span> <span class='ocrx_word' id='word_1_39' title='bbox 625 750 800 818; x_wconf 79' lang='lat' dir='ltr'><strong>ambagesque</strong></span> <span class='ocrx_word' id='word_1_40' title='bbox 812 750 925 817; x_wconf 88' lang='lat' dir='ltr'><strong>resolvit,</strong></span> 
     </span>
     <span class='ocr_line' id='line_1_8' title="bbox 251 815 1100 939; baseline 0.005 -72"><span class='ocrx_word' id='word_1_41' title='bbox 251 815 328 868; x_wconf 81' lang='lat' dir='ltr'><strong>(laece</strong></span> <span class='ocrx_word' id='word_1_42' title='bbox 339 834 433 885; x_wconf 80' lang='lat' dir='ltr'><strong>regens</strong></span> <span class='ocrx_word' id='word_1_43' title='bbox 444 818 489 869; x_wconf 91' lang='lat' dir='ltr'><strong>filo</strong></span> <span class='ocrx_word' id='word_1_44' title='bbox 502 819 619 886; x_wconf 79' lang='lat' dir='ltr'><strong>vestigia.</strong></span> <span class='ocrx_word' id='word_1_45' title='bbox 655 819 697 871; x_wconf 78' lang='lat' dir='ltr'><strong>Tu</strong></span> <span class='ocrx_word' id='word_1_46' title='bbox 706 837 812 939; x_wconf 70' lang='lat' dir='ltr'><strong>quoque</strong></span> <span class='ocrx_word' id='word_1_47' title='bbox 824 837 948 886; x_wconf 79' lang='lat' dir='ltr'><strong>magnum</strong></span> <span class='ocrx_word' id='word_1_48' title='bbox 1065 823 1100 871; x_wconf 85' lang='lat'><strong>30</strong></span> 
     </span>
     <span class='ocr_line' id='line_1_9' title="bbox 251 884 1010 956; baseline 0.011 -20"><span class='ocrx_word' id='word_1_49' title='bbox 251 884 360 937; x_wconf 78' lang='lat' dir='ltr'><strong>Partem</strong></span> <span class='ocrx_word' id='word_1_50' title='bbox 372 903 448 954; x_wconf 91' lang='lat' dir='ltr'><strong>opere</strong></span> <span class='ocrx_word' id='word_1_51' title='bbox 461 887 489 938; x_wconf 89' lang='lat' dir='ltr'><strong>in</strong></span> <span class='ocrx_word' id='word_1_52' title='bbox 501 893 584 954; x_wconf 81' lang='lat' dir='ltr'><strong>tento,</strong></span> <span class='ocrx_word' id='word_1_53' title='bbox 597 889 694 940; x_wconf 88' lang='lat' dir='ltr'><strong>sineret</strong></span> <span class='ocrx_word' id='word_1_54' title='bbox 724 889 786 956; x_wconf 86' lang='lat' dir='ltr'><strong>olor,</strong></span> <span class='ocrx_word' id='word_1_55' title='bbox 799 889 880 956; x_wconf 83' lang='lat' dir='ltr'><strong>Icare,</strong></span> <span class='ocrx_word' id='word_1_56' title='bbox 893 889 1010 944; x_wconf 82' lang='lat' dir='ltr'><strong>haberes.</strong></span> 
     </span>
     <span class='ocr_line' id='line_1_10' title="bbox 250 953 846 1025; baseline 0.007 -19"><span class='ocrx_word' id='word_1_57' title='bbox 250 953 298 1006; x_wconf 90' lang='lat' dir='ltr'><strong>Bis</strong></span> <span class='ocrx_word' id='word_1_58' title='bbox 310 960 421 1007; x_wconf 79' lang='lat' dir='ltr'><strong>conatus</strong></span> <span class='ocrx_word' id='word_1_59' title='bbox 433 963 490 1008; x_wconf 81' lang='lat' dir='ltr'><strong>eret</strong></span> <span class='ocrx_word' id='word_1_60' title='bbox 502 974 576 1008; x_wconf 85' lang='lat' dir='ltr'><strong>casus</strong></span> <span class='ocrx_word' id='word_1_61' title='bbox 589 958 712 1025; x_wconf 88' lang='lat' dir='ltr'><strong>effingere</strong></span> <span class='ocrx_word' id='word_1_62' title='bbox 723 958 753 1009; x_wconf 89' lang='lat' dir='ltr'><strong>in</strong></span> <span class='ocrx_word' id='word_1_63' title='bbox 765 975 846 1021; x_wconf 81' lang='lat' dir='ltr'><strong>uuro;</strong></span> 
     </span>
     <span class='ocr_line' id='line_1_11' title="bbox 250 1022 990 1094; baseline 0.005 -19"><span class='ocrx_word' id='word_1_64' title='bbox 250 1022 298 1075; x_wconf 87' lang='lat' dir='ltr'><strong>Bis</strong></span> <span class='ocrx_word' id='word_1_65' title='bbox 311 1024 405 1092; x_wconf 78' lang='lat' dir='ltr'><strong>patriae</strong></span> <span class='ocrx_word' id='word_1_66' title='bbox 417 1026 531 1078; x_wconf 86' lang='lat' dir='ltr'><strong>cecidere</strong></span> <span class='ocrx_word' id='word_1_67' title='bbox 543 1043 644 1079; x_wconf 82' lang='lat' dir='ltr'><strong>munus.</strong></span> <span class='ocrx_word' id='word_1_68' title='bbox 681 1026 753 1089; x_wconf 83' lang='lat' dir='ltr'><strong>Quin</strong></span> <span class='ocrx_word' id='word_1_69' title='bbox 765 1033 889 1094; x_wconf 89' lang='lat' dir='ltr'><strong>protenus</strong></span> <span class='ocrx_word' id='word_1_70' title='bbox 901 1027 990 1079; x_wconf 82' lang='lat' dir='ltr'><strong>omnia</strong></span> 
     </span>
     <span class='ocr_line' id='line_1_12' title="bbox 250 1091 919 1164; baseline 0.007 -21"><span class='ocrx_word' id='word_1_71' title='bbox 250 1091 422 1160; x_wconf 84' lang='lat' dir='ltr'><strong>Perlegerent</strong></span> <span class='ocrx_word' id='word_1_72' title='bbox 434 1095 523 1162; x_wconf 87' lang='lat' dir='ltr'><strong>oculis,</strong></span> <span class='ocrx_word' id='word_1_73' title='bbox 536 1095 565 1147; x_wconf 90' lang='lat' dir='ltr'><strong>ni</strong></span> <span class='ocrx_word' id='word_1_74' title='bbox 573 1097 631 1162; x_wconf 85' lang='lat' dir='ltr'><strong>jam</strong></span> <span class='ocrx_word' id='word_1_75' title='bbox 643 1096 792 1164; x_wconf 87' lang='lat' dir='ltr'><strong>praemissus</strong></span> <span class='ocrx_word' id='word_1_76' title='bbox 805 1096 919 1148; x_wconf 75' lang='lat' dir='ltr'><strong>Achates</strong></span> 
     </span>
     <span class='ocr_line' id='line_1_13' title="bbox 250 1161 925 1232; baseline 0.006 -20"><span class='ocrx_word' id='word_1_77' title='bbox 250 1161 362 1227; x_wconf 82' lang='lat' dir='ltr'><strong>Afferet,</strong></span> <span class='ocrx_word' id='word_1_78' title='bbox 374 1168 455 1230; x_wconf 80' lang='lat' dir='ltr'><strong>etque</strong></span> <span class='ocrx_word' id='word_1_79' title='bbox 467 1181 521 1216; x_wconf 83' lang='lat' dir='ltr'><strong>una</strong></span> <span class='ocrx_word' id='word_1_80' title='bbox 533 1164 626 1217; x_wconf 87' lang='lat' dir='ltr'><strong>Phoebi</strong></span> <span class='ocrx_word' id='word_1_81' title='bbox 639 1165 787 1232; x_wconf 80' lang='lat' dir='ltr'><strong>Tririaeque</strong></span> <span class='ocrx_word' id='word_1_82' title='bbox 799 1166 925 1232; x_wconf 85' lang='lat' dir='ltr'><strong>sacerdos,</strong></span> 
     </span>
     <span class='ocr_line' id='line_1_14' title="bbox 250 1229 826 1302; baseline 0.007 -20"><span class='ocrx_word' id='word_1_83' title='bbox 250 1229 392 1299; x_wconf 84' lang='lat' dir='ltr'><strong>Deiphobe</strong></span> <span class='ocrx_word' id='word_1_84' title='bbox 404 1233 495 1284; x_wconf 79' lang='lat' dir='ltr'><strong>Glauc&#39;</strong></span> <span class='ocrx_word' id='word_1_85' title='bbox 517 1233 589 1285; x_wconf 78' lang='lat' dir='ltr'><strong>fatur</strong></span> <span class='ocrx_word' id='word_1_86' title='bbox 602 1251 661 1302; x_wconf 85' lang='lat' dir='ltr'><strong>quse</strong></span> <span class='ocrx_word' id='word_1_87' title='bbox 673 1234 740 1286; x_wconf 78' lang='lat' dir='ltr'><strong>talia</strong></span> <span class='ocrx_word' id='word_1_88' title='bbox 752 1234 808 1301; x_wconf 84' lang='lat' dir='ltr'><strong>regi</strong></span> <span class='ocrx_word' id='word_1_89' title='bbox 820 1251 826 1286; x_wconf 89' lang='lat'><strong>:</strong></span> 
     </span>
     <span class='ocr_line' id='line_1_15' title="bbox 252 1297 906 1368; baseline 0.005 -20"><span class='ocrx_word' id='word_1_90' title='bbox 252 1297 338 1349; x_wconf 86' lang='lat' dir='ltr'><strong>“Non</strong></span> <span class='ocrx_word' id='word_1_91' title='bbox 349 1298 400 1350; x_wconf 91' lang='lat' dir='ltr'><strong>hoc</strong></span> <span class='ocrx_word' id='word_1_92' title='bbox 411 1299 462 1350; x_wconf 85' lang='lat' dir='ltr'><strong>iste</strong></span> <span class='ocrx_word' id='word_1_93' title='bbox 474 1300 496 1350; x_wconf 91' lang='lat' dir='ltr'><strong>si</strong></span> <span class='ocrx_word' id='word_1_94' title='bbox 514 1299 524 1350; x_wconf 90' lang='lat' dir='ltr'><strong>i</strong></span> <span class='ocrx_word' id='word_1_95' title='bbox 536 1309 639 1368; x_wconf 83' lang='lat' dir='ltr'><strong>tempus</strong></span> <span class='ocrx_word' id='word_1_96' title='bbox 651 1302 802 1368; x_wconf 80' lang='lat' dir='ltr'><strong>spectacula</strong></span> <span class='ocrx_word' id='word_1_97' title='bbox 815 1301 906 1368; x_wconf 88' lang='lat' dir='ltr'><strong>poscit.</strong></span> 
     </span>
     <span class='ocr_line' id='line_1_16' title="bbox 250 1367 956 1436; baseline -0.006 -16"><span class='ocrx_word' id='word_1_98' title='bbox 250 1367 332 1421; x_wconf 82' lang='lat' dir='ltr'><strong>Nunc</strong></span> <span class='ocrx_word' id='word_1_99' title='bbox 344 1386 424 1436; x_wconf 84' lang='lat' dir='ltr'><strong>grege</strong></span> <span class='ocrx_word' id='word_1_100' title='bbox 436 1369 468 1421; x_wconf 91' lang='lat' dir='ltr'><strong>de</strong></span> <span class='ocrx_word' id='word_1_101' title='bbox 481 1369 581 1421; x_wconf 83' lang='lat' dir='ltr'><strong>intecto</strong></span> <span class='ocrx_word' id='word_1_102' title='bbox 593 1374 695 1436; x_wconf 87' lang='lat' dir='ltr'><strong>septem</strong></span> <span class='ocrx_word' id='word_1_103' title='bbox 706 1373 821 1419; x_wconf 79' lang='lat' dir='ltr'><strong>muctare</strong></span> <span class='ocrx_word' id='word_1_104' title='bbox 829 1369 956 1434; x_wconf 88' lang='lat' dir='ltr'><strong>juvencos</strong></span> 
     </span>
     <span class='ocr_line' id='line_1_17' title="bbox 251 1434 918 1505; baseline -0.006 -15"><span class='ocrx_word' id='word_1_105' title='bbox 251 1437 420 1505; x_wconf 70' lang='lat' dir='ltr'><strong>Praestiteris,</strong></span> <span class='ocrx_word' id='word_1_106' title='bbox 432 1438 543 1491; x_wconf 88' lang='lat' dir='ltr'><strong>totidem</strong></span> <span class='ocrx_word' id='word_1_107' title='bbox 556 1437 638 1490; x_wconf 78' lang='lat' dir='ltr'><strong>lectas</strong></span> <span class='ocrx_word' id='word_1_108' title='bbox 651 1437 767 1489; x_wconf 83' lang='lat' dir='ltr'><strong>demere</strong></span> <span class='ocrx_word' id='word_1_109' title='bbox 780 1434 918 1488; x_wconf 87' lang='lat' dir='ltr'><strong>bidentes.”</strong></span> 
     </span>
    </p>

    <p class='ocr_par' dir='ltr' id='par_1_3' title="bbox 250 1506 1100 2658">
     <span class='ocr_line' id='line_1_18' title="bbox 287 1506 1100 1560; baseline -0.007 0"><span class='ocrx_word' id='word_1_110' title='bbox 287 1506 397 1560; x_wconf 71' lang='lat' dir='ltr'><strong>Talibus</strong></span> <span class='ocrx_word' id='word_1_111' title='bbox 409 1507 490 1560; x_wconf 79' lang='lat' dir='ltr'><strong>affetu</strong></span> <span class='ocrx_word' id='word_1_112' title='bbox 501 1507 688 1559; x_wconf 84' lang='lat' dir='ltr'><strong>AEnesn-nec</strong></span> <span class='ocrx_word' id='word_1_113' title='bbox 701 1523 773 1557; x_wconf 76' lang='lat' dir='ltr'><strong>sucre</strong></span> <span class='ocrx_word' id='word_1_114' title='bbox 785 1511 921 1557; x_wconf 80' lang='lat' dir='ltr'><strong>morantur</strong></span> <span class='ocrx_word' id='word_1_115' title='bbox 1066 1507 1100 1554; x_wconf 79' lang='lat'><strong>40</strong></span> 
     </span>
     <span class='ocr_line' id='line_1_19' title="bbox 251 1574 989 1641; baseline -0.005 -12"><span class='ocrx_word' id='word_1_116' title='bbox 251 1577 272 1629; x_wconf 88' lang='lat' dir='ltr'><strong>J</strong></span> <span class='ocrx_word' id='word_1_117' title='bbox 273 1594 336 1628; x_wconf 84' lang='lat' dir='ltr'><strong>ussa</strong></span> <span class='ocrx_word' id='word_1_118' title='bbox 347 1577 544 1629; x_wconf 78' lang='lat' dir='ltr'><strong>riri-Teucros</strong></span> <span class='ocrx_word' id='word_1_119' title='bbox 556 1581 633 1628; x_wconf 84' lang='lat' dir='ltr'><strong>vocat</strong></span> <span class='ocrx_word' id='word_1_120' title='bbox 645 1575 701 1627; x_wconf 82' lang='lat' dir='ltr'><strong>alta</strong></span> <span class='ocrx_word' id='word_1_121' title='bbox 712 1575 741 1626; x_wconf 91' lang='lat' dir='ltr'><strong>in</strong></span> <span class='ocrx_word' id='word_1_122' title='bbox 754 1574 853 1641; x_wconf 83' lang='lat' dir='ltr'><strong>templa</strong></span> <span class='ocrx_word' id='word_1_123' title='bbox 865 1575 989 1626; x_wconf 86' lang='lat' dir='ltr'><strong>sacerdos.</strong></span> 
     </span>
     <span class='ocr_line' id='line_1_20' title="bbox 250 1643 956 1712; baseline -0.006 -14"><span class='ocrx_word' id='word_1_124' title='bbox 250 1645 381 1698; x_wconf 83' lang='lat' dir='ltr'><strong>Excisum</strong></span> <span class='ocrx_word' id='word_1_125' title='bbox 392 1646 516 1698; x_wconf 84' lang='lat' dir='ltr'><strong>Euboicae</strong></span> <span class='ocrx_word' id='word_1_126' title='bbox 529 1646 599 1698; x_wconf 85' lang='lat' dir='ltr'><strong>lutus</strong></span> <span class='ocrx_word' id='word_1_127' title='bbox 611 1644 705 1712; x_wconf 86' lang='lat' dir='ltr'><strong>ingens</strong></span> <span class='ocrx_word' id='word_1_128' title='bbox 716 1645 789 1712; x_wconf 89' lang='lat' dir='ltr'><strong>rupis</strong></span> <span class='ocrx_word' id='word_1_129' title='bbox 801 1643 830 1694; x_wconf 92' lang='lat' dir='ltr'><strong>in</strong></span> <span class='ocrx_word' id='word_1_130' title='bbox 842 1650 956 1710; x_wconf 83' lang='lat' dir='ltr'><strong>antrum,</strong></span> 
     </span>
     <span class='ocr_line' id='line_1_21' title="bbox 253 1714 935 1779; baseline -0.001 -13"><span class='ocrx_word' id='word_1_131' title='bbox 253 1715 312 1778; x_wconf 85' lang='lat' dir='ltr'><strong>Quo</strong></span> <span class='ocrx_word' id='word_1_132' title='bbox 325 1715 374 1768; x_wconf 82' lang='lat' dir='ltr'><strong>leti</strong></span> <span class='ocrx_word' id='word_1_133' title='bbox 386 1715 489 1767; x_wconf 86' lang='lat' dir='ltr'><strong>ducunt</strong></span> <span class='ocrx_word' id='word_1_134' title='bbox 501 1715 590 1767; x_wconf 81' lang='lat' dir='ltr'><strong>editus</strong></span> <span class='ocrx_word' id='word_1_135' title='bbox 603 1721 718 1779; x_wconf 81' lang='lat' dir='ltr'><strong>centum,</strong></span> <span class='ocrx_word' id='word_1_136' title='bbox 730 1714 798 1765; x_wconf 82' lang='lat' dir='ltr'><strong>ostia</strong></span> <span class='ocrx_word' id='word_1_137' title='bbox 811 1719 935 1776; x_wconf 89' lang='lat' dir='ltr'><strong>centum;</strong></span> 
     </span>
     <span class='ocr_line' id='line_1_22' title="bbox 252 1782 908 1851; baseline -0.002 -15"><span class='ocrx_word' id='word_1_138' title='bbox 252 1784 333 1837; x_wconf 88' lang='lat' dir='ltr'><strong>Unde</strong></span> <span class='ocrx_word' id='word_1_139' title='bbox 344 1790 428 1837; x_wconf 89' lang='lat' dir='ltr'><strong>ruunt</strong></span> <span class='ocrx_word' id='word_1_140' title='bbox 439 1785 552 1836; x_wconf 88' lang='lat' dir='ltr'><strong>totidem</strong></span> <span class='ocrx_word' id='word_1_141' title='bbox 563 1801 646 1850; x_wconf 84' lang='lat' dir='ltr'><strong>voces,</strong></span> <span class='ocrx_word' id='word_1_142' title='bbox 658 1800 782 1851; x_wconf 85' lang='lat' dir='ltr'><strong>responsa</strong></span> <span class='ocrx_word' id='word_1_143' title='bbox 794 1782 908 1849; x_wconf 72' lang='lat' dir='ltr'><strong>Sibyllae.</strong></span> 
     </span>
     <span class='ocr_line' id='line_1_23' title="bbox 253 1854 989 1922; baseline -0.004 -13"><span class='ocrx_word' id='word_1_144' title='bbox 253 1858 374 1909; x_wconf 85' lang='lat' dir='ltr'><strong>Ventum</strong></span> <span class='ocrx_word' id='word_1_145' title='bbox 386 1863 442 1907; x_wconf 82' lang='lat' dir='ltr'><strong>erat</strong></span> <span class='ocrx_word' id='word_1_146' title='bbox 453 1855 488 1907; x_wconf 79' lang='lat' dir='ltr'><strong>ad</strong></span> <span class='ocrx_word' id='word_1_147' title='bbox 499 1854 587 1919; x_wconf 87' lang='lat' dir='ltr'><strong>limen,</strong></span> <span class='ocrx_word' id='word_1_148' title='bbox 600 1872 683 1922; x_wconf 91' lang='lat' dir='ltr'><strong>quum</strong></span> <span class='ocrx_word' id='word_1_149' title='bbox 695 1855 775 1921; x_wconf 87' lang='lat' dir='ltr'><strong>virgo,</strong></span> <span class='ocrx_word' id='word_1_150' title='bbox 789 1855 920 1907; x_wconf 89' lang='lat' dir='ltr'><strong>“Poscere</strong></span> <span class='ocrx_word' id='word_1_151' title='bbox 933 1855 989 1906; x_wconf 83' lang='lat' dir='ltr'><strong>fata</strong></span> 
     </span>
     <span class='ocr_line' id='line_1_24' title="bbox 253 1923 990 1993; baseline -0.007 -14"><span class='ocrx_word' id='word_1_152' title='bbox 253 1923 393 1993; x_wconf 72' lang='lat' dir='ltr'><strong>Tempus,&#39;&#39;</strong></span> <span class='ocrx_word' id='word_1_153' title='bbox 405 1925 461 1976; x_wconf 83' lang='lat' dir='ltr'><strong>eit:</strong></span> <span class='ocrx_word' id='word_1_154' title='bbox 480 1923 495 1950; x_wconf 89' lang='lat'>“</span> <span class='ocrx_word' id='word_1_155' title='bbox 504 1924 575 1987; x_wconf 89' lang='lat' dir='ltr'><strong>deus,</strong></span> <span class='ocrx_word' id='word_1_156' title='bbox 588 1940 649 1975; x_wconf 89' lang='lat' dir='ltr'><strong>ecce</strong></span> <span class='ocrx_word' id='word_1_157' title='bbox 661 1923 725 1974; x_wconf 88' lang='lat' dir='ltr'><strong>deus</strong></span> <span class='ocrx_word' id='word_1_158' title='bbox 738 1923 762 1977; x_wconf 89' lang='lat'><strong>!’&#39;</strong></span> <span class='ocrx_word' id='word_1_159' title='bbox 781 1924 829 1976; x_wconf 75' lang='lat' dir='ltr'><strong>cui</strong></span> <span class='ocrx_word' id='word_1_160' title='bbox 841 1924 908 1975; x_wconf 80' lang='lat' dir='ltr'><strong>talia</strong></span> <span class='ocrx_word' id='word_1_161' title='bbox 919 1923 990 1975; x_wconf 85' lang='lat' dir='ltr'><strong>fanti</strong></span> 
     </span>
     <span class='ocr_line' id='line_1_25' title="bbox 252 1989 916 2056; baseline -0.002 -12"><span class='ocrx_word' id='word_1_162' title='bbox 252 1991 326 2044; x_wconf 83' lang='lat' dir='ltr'><strong>Ante</strong></span> <span class='ocrx_word' id='word_1_163' title='bbox 338 1992 405 2044; x_wconf 85' lang='lat' dir='ltr'><strong>fores</strong></span> <span class='ocrx_word' id='word_1_164' title='bbox 418 1991 505 2043; x_wconf 88' lang='lat' dir='ltr'><strong>subito</strong></span> <span class='ocrx_word' id='word_1_165' title='bbox 517 2007 570 2042; x_wconf 90' lang='lat' dir='ltr'><strong>non</strong></span> <span class='ocrx_word' id='word_1_166' title='bbox 582 1990 681 2056; x_wconf 86' lang='lat' dir='ltr'><strong>vultus,</strong></span> <span class='ocrx_word' id='word_1_167' title='bbox 692 2007 746 2041; x_wconf 92' lang='lat' dir='ltr'><strong>non</strong></span> <span class='ocrx_word' id='word_1_168' title='bbox 758 1989 828 2041; x_wconf 90' lang='lat' dir='ltr'><strong>color</strong></span> <span class='ocrx_word' id='word_1_169' title='bbox 839 2006 916 2044; x_wconf 76' lang='lat' dir='ltr'><strong>unus,</strong></span> 
     </span>
     <span class='ocr_line' id='line_1_26' title="bbox 252 2058 969 2126; baseline -0.004 -14"><span class='ocrx_word' id='word_1_170' title='bbox 252 2060 315 2113; x_wconf 84' lang='lat' dir='ltr'><strong>Non</strong></span> <span class='ocrx_word' id='word_1_171' title='bbox 328 2066 420 2112; x_wconf 82' lang='lat' dir='ltr'><strong>comtae</strong></span> <span class='ocrx_word' id='word_1_172' title='bbox 432 2078 549 2112; x_wconf 86' lang='lat' dir='ltr'><strong>mansere</strong></span> <span class='ocrx_word' id='word_1_173' title='bbox 562 2076 658 2122; x_wconf 86' lang='lat' dir='ltr'><strong>comae;</strong></span> <span class='ocrx_word' id='word_1_174' title='bbox 676 2059 721 2110; x_wconf 90' lang='lat' dir='ltr'><strong>sed</strong></span> <span class='ocrx_word' id='word_1_175' title='bbox 734 2064 824 2126; x_wconf 90' lang='lat' dir='ltr'><strong>pectus</strong></span> <span class='ocrx_word' id='word_1_176' title='bbox 836 2058 969 2125; x_wconf 80' lang='lat' dir='ltr'><strong>anhelum,</strong></span> 
     </span>
     <span class='ocr_line' id='line_1_27' title="bbox 252 2128 926 2196; baseline -0.007 -14"><span class='ocrx_word' id='word_1_177' title='bbox 252 2129 290 2182; x_wconf 85' lang='lat' dir='ltr'><strong>Et</strong></span> <span class='ocrx_word' id='word_1_178' title='bbox 302 2128 376 2182; x_wconf 81' lang='lat' dir='ltr'><strong>rabie</strong></span> <span class='ocrx_word' id='word_1_179' title='bbox 387 2130 445 2181; x_wconf 78' lang='lat' dir='ltr'><strong>fera</strong></span> <span class='ocrx_word' id='word_1_180' title='bbox 456 2130 535 2181; x_wconf 79' lang='lat' dir='ltr'><strong>corda</strong></span> <span class='ocrx_word' id='word_1_181' title='bbox 546 2135 652 2181; x_wconf 91' lang='lat' dir='ltr'><strong>tument</strong></span> <span class='ocrx_word' id='word_1_182' title='bbox 662 2147 669 2192; x_wconf 92' lang='lat'>;</span> <span class='ocrx_word' id='word_1_183' title='bbox 687 2129 822 2196; x_wconf 76' lang='lat' dir='ltr'><strong>majorque</strong></span> <span class='ocrx_word' id='word_1_184' title='bbox 834 2128 926 2193; x_wconf 84' lang='lat' dir='ltr'><strong>rideri,</strong></span> 
     </span>
     <span class='ocr_line' id='line_1_28' title="bbox 252 2196 1099 2264; baseline -0.006 -13"><span class='ocrx_word' id='word_1_185' title='bbox 252 2199 311 2252; x_wconf 82' lang='lat' dir='ltr'><strong>Nec</strong></span> <span class='ocrx_word' id='word_1_186' title='bbox 322 2198 434 2251; x_wconf 75' lang='lat' dir='ltr'><strong>mortale</strong></span> <span class='ocrx_word' id='word_1_187' title='bbox 446 2216 540 2250; x_wconf 78' lang='lat' dir='ltr'><strong>sonans</strong></span> <span class='ocrx_word' id='word_1_188' title='bbox 553 2217 559 2262; x_wconf 90' lang='grc'><strong>;</strong></span> <span class='ocrx_word' id='word_1_189' title='bbox 577 2198 666 2250; x_wconf 80' lang='lat' dir='ltr'><strong>afflata</strong></span> <span class='ocrx_word' id='word_1_190' title='bbox 678 2204 719 2249; x_wconf 88' lang='lat' dir='ltr'><strong>est</strong></span> <span class='ocrx_word' id='word_1_191' title='bbox 730 2196 839 2249; x_wconf 88' lang='lat' dir='ltr'><strong>numine</strong></span> <span class='ocrx_word' id='word_1_192' title='bbox 851 2197 956 2264; x_wconf 83' lang='lat' dir='ltr'><strong>quando</strong></span> <span class='ocrx_word' id='word_1_193' title='bbox 1066 2198 1099 2247; x_wconf 83' lang='lat'><strong>50</strong></span> 
     </span>
     <span class='ocr_line' id='line_1_29' title="bbox 254 2265 937 2361; baseline -0.018 -38"><span class='ocrx_word' id='word_1_194' title='bbox 254 2271 276 2323; x_wconf 91' lang='lat' dir='ltr'><strong>J</strong></span> <span class='ocrx_word' id='word_1_195' title='bbox 277 2287 320 2322; x_wconf 82' lang='lat' dir='ltr'><strong>am</strong></span> <span class='ocrx_word' id='word_1_196' title='bbox 329 2269 451 2361; x_wconf 78' lang='lat' dir='ltr'><strong>propiore</strong></span> <span class='ocrx_word' id='word_1_197' title='bbox 464 2267 514 2318; x_wconf 88' lang='lat' dir='ltr'><strong>dei.</strong></span> <span class='ocrx_word' id='word_1_198' title='bbox 550 2266 565 2292; x_wconf 84' lang='grc'><em>“</em></span> <span class='ocrx_word' id='word_1_199' title='bbox 575 2266 662 2316; x_wconf 82' lang='lat' dir='ltr'><strong>Cessas</strong></span> <span class='ocrx_word' id='word_1_200' title='bbox 674 2265 703 2314; x_wconf 89' lang='lat' dir='ltr'><strong>in</strong></span> <span class='ocrx_word' id='word_1_201' title='bbox 715 2270 777 2314; x_wconf 82' lang='lat' dir='ltr'><strong>vota</strong></span> <span class='ocrx_word' id='word_1_202' title='bbox 789 2278 937 2329; x_wconf 84' lang='lat' dir='ltr'><strong>precesque,</strong></span> 
     </span>
     <span class='ocr_line' id='line_1_30' title="bbox 255 2331 1075 2404; baseline -0.009 -14"><span class='ocrx_word' id='word_1_203' title='bbox 255 2339 328 2404; x_wconf 76' lang='lat' dir='ltr'><strong>Tros,</strong></span> <span class='ocrx_word' id='word_1_204' title='bbox 356 2338 403 2403; x_wconf 84' lang='lat' dir='ltr'><strong>cit,</strong></span> <span class='ocrx_word' id='word_1_205' title='bbox 416 2338 430 2365; x_wconf 91' lang='lat'><strong><em>“</em></strong></span> <span class='ocrx_word' id='word_1_206' title='bbox 438 2334 541 2387; x_wconf 83' lang='lat' dir='ltr'><strong>AEneal</strong></span> <span class='ocrx_word' id='word_1_207' title='bbox 565 2332 668 2385; x_wconf 80' lang='lat' dir='ltr'><strong>cesscsl</strong></span> <span class='ocrx_word' id='word_1_208' title='bbox 687 2349 772 2398; x_wconf 91' lang='lat' dir='ltr'><strong>neque</strong></span> <span class='ocrx_word' id='word_1_209' title='bbox 785 2331 855 2382; x_wconf 89' lang='lat' dir='ltr'><strong>enim</strong></span> <span class='ocrx_word' id='word_1_210' title='bbox 867 2337 929 2383; x_wconf 86' lang='lat' dir='ltr'><strong>ante</strong></span> <span class='ocrx_word' id='word_1_211' title='bbox 941 2331 1075 2384; x_wconf 83' lang='lat' dir='ltr'><strong>dehiscent</strong></span> 
     </span>
     <span class='ocr_line' id='line_1_31' title="bbox 255 2399 894 2471; baseline -0.014 -12"><span class='ocrx_word' id='word_1_212' title='bbox 255 2406 385 2460; x_wconf 75' lang='lat' dir='ltr'><strong>Attonitae</strong></span> <span class='ocrx_word' id='word_1_213' title='bbox 397 2422 494 2471; x_wconf 80' lang='lat' dir='ltr'><strong>magns</strong></span> <span class='ocrx_word' id='word_1_214' title='bbox 506 2420 550 2454; x_wconf 80' lang='lat' dir='ltr'><strong>ore</strong></span> <span class='ocrx_word' id='word_1_215' title='bbox 561 2399 678 2453; x_wconf 89' lang='lat' dir='ltr'><strong>domus.”</strong></span> <span class='ocrx_word' id='word_1_216' title='bbox 712 2401 748 2451; x_wconf 83' lang='lat' dir='ltr'><strong>Et</strong></span> <span class='ocrx_word' id='word_1_217' title='bbox 760 2399 825 2451; x_wconf 78' lang='lat' dir='ltr'><strong>telis.</strong></span> <span class='ocrx_word' id='word_1_218' title='bbox 836 2399 894 2450; x_wconf 80' lang='lat' dir='ltr'><strong>fata</strong></span> 
     </span>
     <span class='ocr_line' id='line_1_32' title="bbox 253 2467 929 2537; baseline -0.013 -11"><span class='ocrx_word' id='word_1_219' title='bbox 253 2473 398 2526; x_wconf 78' lang='lat' dir='ltr'><strong>Conticuit.</strong></span> <span class='ocrx_word' id='word_1_220' title='bbox 435 2471 543 2526; x_wconf 82' lang='lat' dir='ltr'><strong>Gelidus</strong></span> <span class='ocrx_word' id='word_1_221' title='bbox 555 2470 661 2523; x_wconf 76' lang='lat' dir='ltr'><strong>Teucris</strong></span> <span class='ocrx_word' id='word_1_222' title='bbox 673 2487 721 2537; x_wconf 87' lang='lat' dir='ltr'><strong>per</strong></span> <span class='ocrx_word' id='word_1_223' title='bbox 733 2469 799 2520; x_wconf 79' lang='lat' dir='ltr'><strong>dura</strong></span> <span class='ocrx_word' id='word_1_224' title='bbox 811 2467 929 2519; x_wconf 88' lang='lat' dir='ltr'><strong>cucurrit</strong></span> 
     </span>
     <span class='ocr_line' id='line_1_33' title="bbox 254 2535 993 2658; baseline -0.015 -62"><span class='ocrx_word' id='word_1_225' title='bbox 254 2543 321 2596; x_wconf 78' lang='lat' dir='ltr'><strong>Osse</strong></span> <span class='ocrx_word' id='word_1_226' title='bbox 332 2548 436 2607; x_wconf 88' lang='lat' dir='ltr'><strong>tremor,</strong></span> <span class='ocrx_word' id='word_1_227' title='bbox 449 2541 591 2658; x_wconf 72' lang='lat' dir='ltr'><strong>funditque</strong></span> <span class='ocrx_word' id='word_1_228' title='bbox 602 2556 691 2607; x_wconf 88' lang='lat' dir='ltr'><strong>preces</strong></span> <span class='ocrx_word' id='word_1_229' title='bbox 702 2555 750 2588; x_wconf 83' lang='lat' dir='ltr'><strong>rex</strong></span> <span class='ocrx_word' id='word_1_230' title='bbox 762 2542 866 2605; x_wconf 86' lang='lat' dir='ltr'><strong>pectore</strong></span> <span class='ocrx_word' id='word_1_231' title='bbox 878 2535 911 2588; x_wconf 83' lang='lat' dir='ltr'><strong>ab</strong></span> <span class='ocrx_word' id='word_1_232' title='bbox 924 2535 993 2586; x_wconf 91' lang='lat' dir='ltr'><strong>imo:</strong></span> 
     </span>
    </p>

    <p class='ocr_par' dir='ltr' id='par_1_4' title="bbox 252 2607 988 2889">
     <span class='ocr_line' id='line_1_34' title="bbox 293 2607 988 2677; baseline -0.013 -12"><span class='ocrx_word' id='word_1_233' title='bbox 293 2613 308 2641; x_wconf 88' lang='lat'>“</span> <span class='ocrx_word' id='word_1_234' title='bbox 318 2611 423 2677; x_wconf 76' lang='lat' dir='ltr'><strong>Phoebe,</strong></span> <span class='ocrx_word' id='word_1_235' title='bbox 436 2625 529 2677; x_wconf 80' lang='lat' dir='ltr'><strong>graves</strong></span> <span class='ocrx_word' id='word_1_236' title='bbox 562 2609 625 2674; x_wconf 84' lang='lat' dir='ltr'><strong>rojae</strong></span> <span class='ocrx_word' id='word_1_237' title='bbox 636 2623 736 2674; x_wconf 88' lang='lat' dir='ltr'><strong>semper</strong></span> <span class='ocrx_word' id='word_1_238' title='bbox 748 2607 869 2660; x_wconf 83' lang='lat' dir='ltr'><strong>miserete</strong></span> <span class='ocrx_word' id='word_1_239' title='bbox 881 2609 988 2671; x_wconf 84' lang='lat' dir='ltr'><strong>labores,</strong></span> 
     </span>
     <span class='ocr_line' id='line_1_35' title="bbox 254 2674 889 2748; baseline -0.022 -13"><span class='ocrx_word' id='word_1_240' title='bbox 254 2681 381 2734; x_wconf 78' lang='lat' dir='ltr'><strong>Dardana</strong></span> <span class='ocrx_word' id='word_1_241' title='bbox 393 2681 439 2748; x_wconf 90' lang='lat' dir='ltr'><strong>qui</strong></span> <span class='ocrx_word' id='word_1_242' title='bbox 452 2676 556 2730; x_wconf 79' lang='lat' dir='ltr'><strong>Paridis</strong></span> <span class='ocrx_word' id='word_1_243' title='bbox 568 2675 665 2727; x_wconf 84' lang='lat' dir='ltr'><strong>direxti</strong></span> <span class='ocrx_word' id='word_1_244' title='bbox 678 2674 732 2725; x_wconf 83' lang='lat' dir='ltr'><strong>tels</strong></span> <span class='ocrx_word' id='word_1_245' title='bbox 744 2689 889 2738; x_wconf 81' lang='lat' dir='ltr'><strong>munusque</strong></span> 
     </span>
     <span class='ocr_line' id='line_1_36' title="bbox 255 2741 908 2819; baseline -0.017 -15"><span class='ocrx_word' id='word_1_246' title='bbox 255 2752 356 2819; x_wconf 81' lang='lat' dir='ltr'><strong>Corpus</strong></span> <span class='ocrx_word' id='word_1_247' title='bbox 367 2749 397 2800; x_wconf 89' lang='lat' dir='ltr'><strong>in</strong></span> <span class='ocrx_word' id='word_1_248' title='bbox 409 2747 543 2809; x_wconf 73' lang='lat' dir='ltr'><strong>AEscidae3</strong></span> <span class='ocrx_word' id='word_1_249' title='bbox 560 2760 670 2814; x_wconf 79' lang='lat' dir='ltr'><strong>magnes</strong></span> <span class='ocrx_word' id='word_1_250' title='bbox 683 2741 810 2796; x_wconf 81' lang='lat' dir='ltr'><strong>obeuntis</strong></span> <span class='ocrx_word' id='word_1_251' title='bbox 820 2746 908 2794; x_wconf 79' lang='lat' dir='ltr'><strong>tenus</strong></span> 
     </span>
     <span class='ocr_line' id='line_1_37' title="bbox 252 2814 968 2889; baseline -0.004 -18"><span class='ocrx_word' id='word_1_252' title='bbox 252 2818 396 2871; x_wconf 62' lang='lat' dir='ltr'><strong>rotmarus</strong></span> <span class='ocrx_word' id='word_1_253' title='bbox 405 2816 511 2882; x_wconf 72' lang='lat' dir='ltr'><strong>iruuu&#39;,</strong></span> <span class='ocrx_word' id='word_1_254' title='bbox 525 2815 594 2870; x_wconf 84' lang='lat' dir='ltr'><strong>duee</strong></span> <span class='ocrx_word' id='word_1_255' title='bbox 607 2821 644 2888; x_wconf 87' lang='lat' dir='ltr'><strong>te,</strong></span> <span class='ocrx_word' id='word_1_256' title='bbox 657 2814 829 2889; x_wconf 87' lang='lat' dir='ltr'><strong>penitusque</strong></span> <span class='ocrx_word' id='word_1_257' title='bbox 839 2817 968 2887; x_wconf 80' lang='lat' dir='ltr'><strong>repostos</strong></span> 
     </span>
    </p>
   </div>
   <div class='ocr_carea' id='block_1_3' title="bbox 0 0 1358 3242">
    <p class='ocr_par' dir='ltr' id='par_1_5' title="bbox 0 0 1358 3242">
     <span class='ocr_line' id='line_1_38' title="bbox 0 0 1358 3242; baseline 0 0"><span class='ocrx_word' id='word_1_258' title='bbox 0 0 1358 3242; x_wconf 95' lang='lat' dir='ltr'><strong> </strong></span> 
     </span>
    </p>
   </div>
  </div>
 </body>
</html>
