2700 3242
288 283 339 334 rso
525 284 554 338 P.
569 287 725 340 rraonn
745 264 907 346 rraaoirrs

289 388 391 440 Ducere
404 391 473 445 dona
480 393 572 461 jube.‘'
608 395 702 446 Cuncti
716 394 793 446 simul
805 410 848 444 ore
860 388 1008 442 fremebant

287 459 454 527 Dardanidae,
467 462 592 530 reddique
605 463 660 513 viro
673 461 800 530 promissa
806 458 945 528 jubebant.

291 527 340 579 llic
351 529 439 595 gravis
452 530 588 582 Entellum
601 531 679 582 dictis
692 530 806 596 castigat
816 528 930 592 Acestes,

288 595 427 650 Proximus
439 605 471 651 ut
483 600 614 652 viridante
626 606 683 651 toro
695 597 847 651 consederat
858 596 963 647 herbae:

287 667 302 692 “
312 667 422 731 Entello,
434 670 543 722 heroum
556 673 689 740 quondam
700 670 842 722 fortissime
854 667 959 735 frustra,

287 731 406 787 Tantane
418 740 474 788 tarn
486 737 589 805 patiens
601 738 673 789 nullo
687 738 829 789 certamine
841 736 900 788 tolli
1078 737 1130 786 300

285 799 362 855 Dona
373 804 461 858 sines?
479 806 525 858 ubi
537 825 608 858 nunc
620 807 694 859 nobis
707 807 771 858 deus
785 807 835 871 ille,
848 805 974 872 magister

285 869 471 942 Nequidquam
483 883 649 943 memoratus,
662 876 735 943 Eryx
746 876 755 928 l
775 875 819 926 ubi
832 876 904 926 furna
916 891 962 942 per
974 881 1079 927 omnem

285 941 453 1012 Trinacriam,
466 956 493 998 et
505 946 587 1014 spolia
599 947 646 999 illa
658 947 712 999 tuis
724 947 867 1014 pendentia
879 946 956 999 tectis
967 945 994 997 l”

285 1011 337 1063 llle
349 1013 398 1064 sub
410 1014 481 1067 hoec:
500 1016 582 1067 “Non
594 1016 681 1068 laudis
693 1033 772 1077 amor,
784 1034 832 1066 noc
842 1016 925 1082 gloria
938 1015 1016 1066 cessit

285 1073 366 1128 Pulsa
377 1083 465 1140 metu;
484 1078 529 1129 sed
541 1078 613 1129 enim
624 1078 727 1145 gelidus
740 1079 861 1129 tardante
873 1084 978 1129 senecta

284 1143 398 1212 Sanguis
410 1145 495 1213 hebet,
508 1148 658 1216 frigentque
671 1147 754 1199 effetae
766 1148 794 1198 in
807 1164 912 1214 corpore
924 1147 999 1199 vires.

230 1207 247 1258 0
284 1212 312 1265 si
324 1215 398 1281 mihi,
411 1233 469 1284 quae
481 1216 614 1285 quondam
626 1217 721 1283 fuerat,
734 1233 839 1284 quaque
852 1215 984 1284 improbus
996 1215 1047 1269 istc

250 1322 256 1335 .
283 1282 410 1337 Exsultat
422 1285 512 1352 fidens,
526 1287 548 1337 si
560 1303 632 1337 nunc
644 1286 712 1337 foret
724 1286 771 1337 illa
779 1287 920 1352 juventas;

284 1351 366 1404 Haud
379 1355 500 1422 equidem
512 1355 597 1424 pretio
608 1356 734 1406 inductus
747 1355 909 1422 pulchroque
917 1355 1032 1421 juvenco

284 1420 434 1476 Venissem:
453 1442 501 1476 nec
513 1425 582 1476 dona
597 1424 705 1476 moror.”
741 1425 783 1478 Sic
796 1425 891 1476 deinde
902 1424 1007 1476 locutus
1076 1427 1129 1476 400

283 1489 317 1541 In
329 1492 446 1543 medium
458 1493 575 1560 geminos
587 1494 697 1545 immani
709 1494 822 1561 pondere
835 1499 921 1544 cestus

284 1558 405 1628 Projecit,
419 1562 513 1629 quibus
526 1580 585 1614 acer
597 1563 671 1630 Eryx
683 1563 712 1614 in
724 1563 816 1630 proelia
829 1568 919 1613 suetus

282 1627 361 1681 Ferre
373 1648 489 1697 manum,
503 1631 619 1700 duroque
631 1633 768 1684 intendere
780 1631 887 1682 brachia
899 1637 980 1698 tergo.

283 1696 447 1767 Obstupuere
459 1701 557 1752 animi:
576 1707 712 1752 tantorum
724 1700 845 1767 ingentia
857 1707 958 1767 septem

282 1766 366 1835 Terga
379 1767 458 1820 boum
470 1769 578 1837 plumbo
591 1770 679 1821 insuto
692 1771 811 1836 ferroque
823 1769 951 1836 rigebant.

281 1835 352 1888 Ante
365 1855 453 1889 omnes
466 1845 555 1906 stupet
567 1839 623 1906 ipse
635 1839 724 1906 Dares,
738 1839 866 1905 longeque
877 1843 999 1901 recusat;

281 1903 520 1976 Magnanimusque
532 1908 705 1960 Anchisiades
717 1914 744 1960 et
756 1908 858 1974 pondus
871 1913 897 1958 et
911 1907 967 1974 ipsa

281 1973 344 2026 Huc
356 1976 421 2027 illuc
433 1976 579 2029 vinclorum
591 1978 720 2029 immensa
731 1977 866 2029 volumina
878 1983 971 2029 versat.

281 2042 349 2095 Tum
362 2045 447 2097 senior
460 2046 525 2098 tales
537 2046 667 2099 referebat
680 2054 783 2115 pectore
795 2062 887 2098 voces:

282 2113 296 2137 “
305 2112 381 2177 Quid,
394 2114 415 2164 si
428 2114 486 2181 quis
499 2119 584 2165 cestus
596 2114 679 2182 ipsius
692 2121 719 2166 et
733 2115 853 2166 Herculis
867 2131 940 2166 arma
1071 2117 1124 2165 410

281 2175 404 2245 Vidisset,
418 2185 573 2247 tristemque
585 2180 635 2232 hoc
648 2181 705 2248 ipso
717 2181 746 2231 in
758 2180 834 2232 litore
847 2180 984 2248 pugnaml

281 2245 345 2299 Haee
357 2265 497 2314 germanus
510 2249 584 2316 Eryx
597 2250 729 2316 quondam
742 2255 804 2302 tuus
817 2267 890 2301 arma
902 2248 1025 2316 gerebat:

280 2314 415 2385 Sanguine
427 2318 512 2370 cernis
525 2319 611 2370 adhue
624 2319 761 2384 fractoque
770 2318 788 2352 i
801 2320 897 2372 infecta
909 2320 1020 2374 cerebro.

280 2383 331 2436 His
343 2403 469 2453 magnum
482 2387 593 2439 Alciden
606 2394 698 2440 contra
710 2388 802 2451 stetit3
820 2388 863 2440 his
875 2405 922 2455 ego
935 2394 1035 2452 suetus,

279 2452 351 2505 Dum
363 2456 455 2507 melior
467 2457 535 2507 vires
548 2457 655 2523 sanguis
668 2456 755 2522 dabat,
769 2457 865 2508 aemula
877 2457 990 2509 necdum

279 2521 450 2591 Temporibus
462 2525 574 2592 geminis
586 2524 697 2578 canebat
709 2544 798 2594 sparsa
811 2533 937 2578 senectus.

279 2591 337 2657 Sed,
351 2593 372 2644 si
385 2600 473 2645 nostra
485 2594 567 2645 Dares
579 2594 635 2646 haec
648 2596 741 2647 Troius
754 2613 826 2647 arma
838 2602 949 2662 recusat,

274 2660 365 2728 quue
372 2663 421 2730 pio
433 2663 506 2714 sedet
518 2663 617 2729 AEneae,
630 2665 724 2731 probat
736 2673 827 2716 auctor
839 2666 953 2731 Acestes,

260 2728 414 2794 AEquemus
423 2751 543 2804 pugnas.
574 2734 669 2806 Erycis
681 2734 734 2789 tibi
744 2740 820 2804 terga
829 2735 953 2798 remitto;

240 2793 328 2852 Soloe
341 2809 458 2874 motus5
475 2813 507 2865 et
523 2814 553 2866 tu
568 2809 704 2882 Trojanos
716 2825 789 2864 exue
800 2806 903 2860 cestus?
1078 2811 1128 2859 m

630 2903 640 2927 ⁸
653 2907 785 2952 sparsoque
