2700 3242
264 316 299 367 92
497 318 526 371 P.
546 316 698 369 VIRGILII
717 315 880 371 MARONIS

266 413 407 482 Extemplo
418 415 509 466 AEneee
522 415 659 466 solvuntur
671 416 767 482 frigore
778 414 894 466 membra
904 434 911 478 3

267 482 391 551 Ingemit,
403 491 431 537 et
443 484 560 552 duplices
572 485 683 535 tendens
695 486 727 535 ad
741 484 825 535 sidera
837 485 945 551 palmas,

265 551 340 604 Talia
352 570 414 606 voce
425 553 521 606 refert:
540 555 586 606 “0
599 560 692 622 terque
704 558 848 620 quaterque
859 552 938 615 beati,

266 620 344 684 Queis
357 628 419 674 ante
430 640 476 675 ora
486 628 593 690 patrum
604 621 687 687 Trojae
700 622 748 672 sub
759 621 888 672 moenibus
900 622 962 674 altis

266 690 384 758 Contigit
396 692 534 760 oppetere!
554 707 568 742 o
580 690 704 742 Danaum
715 690 855 741 fortissime
866 691 953 758 gentis

265 758 372 827 Tydide,
385 777 461 813 mene
473 759 561 812 Iliacis
573 758 724 811 occumbere
736 760 835 826 campis

264 827 291 880 N
291 845 325 879 on
336 830 458 897 potuisse,
471 835 570 897 tuaque
582 830 698 880 animam
709 829 778 880 hanc
791 828 923 879 effundere
935 828 1047 882 dextra!

266 896 356 951 Saeuis
368 898 414 950 ubi
426 899 543 951 AEacidse
555 898 608 950 telo
616 901 689 966 jacet
701 897 806 963 Hector,
816 897 863 948 ubi
874 897 968 964 ingens

265 966 417 1035 Sarpedon5
434 967 481 1019 ubi
493 972 533 1018 tot
545 967 640 1020 Simois
653 972 771 1034 correpta
783 965 832 1018 sub
843 966 921 1017 undis
1058 970 1079 1018 lt

265 1035 346 1090 Scuta
357 1036 445 1089 virum
456 1036 594 1104 galeasque
607 1042 634 1087 et
645 1036 725 1087 fortia
737 1051 844 1102 corpora
855 1035 962 1088 volvier

301 1106 375 1157 'Ialia
384 1105 498 1174 jactanti
511 1106 623 1156 stridens
636 1103 767 1172 Aquilone
778 1104 893 1170 procella

266 1174 362 1226 Velum
374 1175 482 1227 adversa
493 1175 562 1241 ferit,
574 1175 723 1240 fluctusque
735 1173 769 1224 ad
781 1172 866 1224 sidera
878 1172 955 1226 tollit.

266 1243 438 1312 Franguntur
449 1244 515 1296 remi
525 1262 532 1308 ;
550 1249 608 1295 tum
621 1260 697 1310 prora
709 1241 812 1308 avertit,
825 1247 852 1293 et
863 1241 942 1293 undis

265 1312 319 1366 Dat
331 1313 419 1378 latus;
436 1313 584 1381 insequitur
596 1312 701 1364 cumulo
713 1316 862 1380 praeruptus
874 1327 949 1379 aquae
960 1327 1044 1366 mons.

266 1382 304 1434 Hi
316 1399 417 1434 summo
429 1383 458 1434 in
469 1382 554 1434 fluctu
566 1382 700 1451 pendent;
717 1381 759 1431 his
772 1380 844 1432 unda
856 1380 991 1432 dehiscens

266 1451 373 1504 Terram
385 1453 456 1504 inter
466 1452 563 1503 fluctus
576 1451 677 1517 aperit:
695 1450 762 1501 furit
774 1455 854 1502 aestus
866 1450 958 1503 arenis.

266 1521 328 1572 Tres
338 1520 425 1572 Notus
437 1520 558 1586 abreptas
570 1519 599 1569 in
611 1534 675 1569 saxa
687 1517 799 1568 latentia
811 1523 916 1585 torquet
928 1535 934 1568 ε

266 1589 337 1643 Saxa
349 1594 444 1642 vocant
458 1588 529 1656 Itali,
541 1588 634 1640 mediis
647 1604 705 1656 quae
717 1587 746 1639 in
757 1587 890 1655 fiuctibus,
902 1587 968 1639 Aras
980 1606 986 1650 ;

266 1657 380 1710 Dorsum
390 1659 504 1710 immane
515 1658 582 1710 mari
595 1674 703 1710 summo.
732 1657 794 1708 Tres
807 1657 894 1709 Ilurus
905 1655 938 1708 ab
951 1657 1006 1708 alto
1058 1661 1078 1710 1,

267 1727 300 1779 In
312 1727 401 1780 brevia
413 1732 440 1779 et
452 1732 535 1794 syrtes
546 1733 631 1794 urget,
643 1726 790 1778 miserabile
801 1726 867 1795 visu,

267 1796 404 1864 Illiditque
416 1796 490 1849 vadis
502 1801 583 1863 atque
595 1813 690 1863 aggere
703 1796 786 1862 cingit
798 1812 891 1848 areuae.

267 1865 362 1932 Unam,
374 1883 433 1933 quse
445 1865 536 1934 Lycios
549 1865 684 1933 fidumque
695 1865 808 1916 vehebat
820 1865 943 1932 Oronten,

267 1933 355 2002 Ipsius
366 1940 428 1986 ante
441 1935 527 1986 oeulos
538 1935 631 2002 ingens
643 1951 659 1986 a
671 1934 768 1986 vertice
780 1939 876 2002 pontus

267 2003 303 2055 In
315 2004 426 2072 puppim
436 2005 516 2068 ierit;
534 2004 668 2056 excutitur
680 2020 829 2071 pronusque
840 2003 966 2070 magister

268 2072 392 2125 Volvitur
403 2074 433 2124 in
444 2079 540 2142 caput:
559 2080 600 2125 ast
612 2072 686 2123 illam
698 2078 740 2124 ter
750 2072 848 2124 fluctus
859 2071 958 2124 ibidem

266 2142 381 2210 Torquet
392 2159 472 2209 agens
485 2143 590 2208 circum,
603 2146 630 2192 et
641 2142 749 2209 rapidus
761 2147 836 2194 vorat
848 2158 952 2210 aequore
965 2146 1067 2198 vertex.

268 2211 405 2279 Appareut
416 2212 469 2263 rari
481 2216 575 2262 nantes
587 2211 615 2261 in
628 2211 733 2277 gurgite
742 2216 824 2278 vasto,

267 2279 349 2332 Arma
361 2280 448 2332 virum
460 2279 609 2348 tabulaeque
622 2285 649 2330 et
660 2279 739 2331 Troia
750 2296 816 2346 gaza
827 2297 874 2348 per
885 2279 978 2334 undas.

268 2349 288 2400 J
289 2366 332 2400 am
345 2349 460 2402 validam
475 2349 569 2400 Ilionei
580 2365 683 2415 navem,
692 2350 749 2416 jam
761 2349 836 2400 fortis
848 2348 965 2417 Achatae,
1060 2354 1079 2402 1!

269 2417 305 2469 Et
316 2435 369 2485 qua
380 2424 471 2470 vectus
484 2417 560 2484 Abas,
574 2422 600 2470 et
613 2434 664 2484 qua
676 2418 833 2484 grandaevus
844 2417 941 2484 Aletes,

269 2486 341 2538 Vicit
353 2486 452 2539 hiems:
470 2486 537 2538 laxis
550 2487 663 2538 laterum
675 2485 843 2554 compagibus
855 2503 944 2538 omnes

268 2555 410 2623 Accipiunt
422 2556 558 2607 inimicum
571 2555 688 2622 imbrem,
699 2556 823 2623 rimisque
834 2555 970 2610 fatiscunt

305 2624 412 2676 Interea
422 2641 518 2692 magno
530 2625 634 2675 misceri
645 2641 779 2678 murmure
791 2631 911 2693 pontum,

266 2692 450 2762 Emissamque
463 2694 577 2744 hiemem
589 2693 670 2744 sensit
682 2693 830 2761 Neptunus,
842 2698 869 2744 et
881 2693 942 2745 imis

251 2759 360 2828 Stagna
370 2764 465 2818 refusa
478 2764 562 2836 vadis,
575 2763 695 2836 grauiter
707 2767 853 2816 commotus
861 2780 872 2823 ·,
886 2762 980 2814 stalla

234 2823 423 2906 Prospiciens,
437 2855 553 2895 summa
564 2837 714 2912 placidum
726 2837 811 2906 caput
822 2827 1019 2885 excusanaas.
