2700 3242
531 311 696 364 AENEIDOS
714 313 779 366 LIB.
799 314 837 368 11.

265 415 385 484 Undique
398 415 501 468 visendi
514 416 600 468 studio
613 416 725 483 Trojana
733 420 861 483 juventus

262 485 428 536 Circumfusa
439 486 502 550 ruit,
516 490 668 552 certantque
681 485 790 536 illudere
803 493 886 553 capto.

262 555 358 622 Accipe
371 571 443 606 nunc
455 555 578 607 Danaum
590 555 704 622 insidias,
718 565 744 607 et
757 556 865 606 crimine
877 554 910 607 ab
922 573 975 608 uno

261 620 337 675 Disce
350 641 448 675 omnes.

261 691 390 759 Namque,
402 698 434 743 ut
447 699 587 761 conspectu
600 693 627 744 in
640 693 726 744 medio
738 693 867 757 turbatus,
880 694 985 745 inermis

262 761 395 828 Constitit,
408 768 488 830 atque
501 763 582 814 oculis
595 763 711 830 Phrygia
724 763 830 829 agmina
843 764 1042 830 circumspexit:

264 833 347 897 ‘Heu
362 850 421 900 quae
433 849 505 883 nune
517 833 612 896 tellus,’
626 833 721 898 inquit,
735 846 808 897 'quae
822 849 862 882 me
875 848 980 897 aequora
993 839 1098 896 possunt

263 900 409 969 Acciperet
427 905 475 951 aut
487 899 551 968 quid
559 903 616 967 jam
627 901 721 951 misero
733 899 799 950 mihi
811 899 923 967 denique
935 900 1031 950 restutt
1070 905 1097 948 Ti·

264 969 310 1021 Oui
323 986 410 1036 neque
422 969 492 1037 apud
506 970 732 1037 Danaosusquam
745 969 822 1034 loeus,
835 977 861 1019 et
874 987 950 1036 super
962 969 1011 1034 ipsi

262 1037 424 1091 Dardanidae
436 1039 532 1089 infensi
544 1055 633 1106 poenas
645 1055 706 1089 cum
718 1039 844 1104 sanguine
857 1035 983 1105 poscunt'

264 1108 320 1171 Quo
332 1108 436 1175 gemitu
448 1109 564 1159 conversi
576 1108 664 1175 animi,
677 1123 837 1175 compressus
849 1114 875 1158 et
888 1108 970 1157 omnis

263 1177 390 1246 Impetus.
427 1177 570 1229 Hortamur
581 1177 638 1243 fari,
652 1195 703 1245 quo
716 1177 842 1243 sanguine
855 1184 948 1240 cretus,

264 1245 367 1309 Quidve
378 1246 463 1310 ferat;
481 1253 613 1313 memoret,
625 1265 683 1314 quae
696 1247 730 1298 sit
743 1245 838 1297 fiducia
850 1251 933 1312 capto.

263 1316 312 1368 Ille
324 1315 391 1383 haec,
404 1316 521 1384 deposita
533 1316 640 1369 tandem
651 1315 798 1379 formidine,
810 1316 898 1366 fatur:

294 1385 309 1412 “
320 1383 435 1435 ‘Cuncta
447 1382 568 1449 equidem
577 1381 634 1447 tibi,
643 1381 708 1442 Rex,
717 1382 798 1432 fuerit
808 1377 998 1447 quodcumque,
1008 1372 1109 1424 fatebor

262 1451 347 1516 Vera,’
361 1451 465 1516 inquit:
484 1452 583 1517 ‘neque
594 1469 636 1501 me
650 1451 772 1517 Argolica
785 1450 817 1500 de
830 1454 908 1513 gente
922 1443 1038 1509 negabo:

262 1519 321 1572 Hoc
333 1520 449 1588 primum
460 1539 466 1583 ;
484 1537 539 1585 nee,
553 1519 574 1570 si
586 1520 710 1570 miserum
721 1521 829 1571 fortuna
841 1520 963 1569 §inomni

262 1589 364 1656 Finxit,
376 1606 475 1641 vanum
487 1589 567 1640 etiam
579 1588 783 1655 mendacemque
796 1588 913 1655 improba
926 1587 1013 1654 finget.
1068 1592 1089 1636 δι

262 1657 355 1711 Fando
367 1658 472 1726 aliquod
485 1659 506 1709 si
518 1658 585 1709 forte
597 1664 657 1708 tuas
669 1658 788 1725 pervenit
800 1658 833 1708 ad
846 1675 921 1708 aures

261 1727 363 1780 Belidae
374 1745 469 1780 nomen
481 1727 628 1779 Palamedis
640 1733 667 1778 et
679 1727 779 1794 inclyta
790 1726 861 1778 fama

262 1797 365 1850 Gloria:
377 1815 455 1866 quem
467 1797 533 1848 falsa
545 1796 593 1848 sub
605 1797 751 1864 proditione
764 1796 866 1862 Pelasgi

262 1866 407 1934 lucentem,
419 1867 527 1919 infando
538 1866 643 1932 indicio,
656 1867 719 1933 quia
730 1865 798 1917 bella
811 1865 924 1931 vetabat,

261 1935 397 1988 Demisere
408 1937 466 1989 neci
477 1955 483 2000 ;
501 1953 572 1988 nunc
585 1953 687 1987 cassum
699 1936 798 1987 lumine
810 1936 903 2002 lugent
914 1954 920 1997 ;

262 2004 307 2057 Illi
319 2023 363 2058 me
375 2006 496 2058 comitem
509 2011 535 2058 et
547 2005 775 2072 consanguinitate
788 2006 964 2072 propinquum

262 2073 368 2144 Pauper
380 2075 409 2126 in
420 2092 493 2127 arma
504 2080 580 2143 pater
591 2075 682 2142 primis
694 2074 746 2125 hue
757 2075 830 2126 misit
841 2074 874 2125 ab
886 2074 975 2125 annis:

261 2143 335 2197 Dum
347 2144 434 2196 stabat
444 2162 524 2212 regno
536 2144 682 2209 incolumis,
693 2160 837 2210 regumque
849 2142 955 2210 vigebat

262 2213 390 2280 Consiliis,
403 2220 430 2266 et
441 2231 487 2265 nos
499 2214 605 2280 aliquod
616 2229 761 2281 nomenque
774 2214 904 2277 decusque

262 2283 402 2336 Gessimus.
438 2283 543 2334 Invidia
573 2289 692 2349 ostquam
705 2283 811 2351 pellacis
824 2283 898 2334 Ulixi
1068 2284 1102 2333 90

262 2352 358 2420 (Haud
370 2353 460 2420 ignota
472 2301 573 2419 loquoii
587 2353 687 2419 superis
699 2353 825 2403 concessit
837 2352 869 2402 ab
882 2352 949 2403 eris:

261 2421 384 2473 Affiietus
396 2422 479 2474 vitam
491 2422 519 2473 in
532 2421 645 2473 tenebris
657 2422 784 2489 luctuque
797 2419 939 2487 trahebam,

260 2491 297 2544 Et
309 2509 401 2544 casum
412 2491 523 2543 insontis
535 2508 638 2542 meeum
650 2491 806 2558 indignabar
818 2490 902 2541 amici.

261 2561 317 2613 Nec
330 2561 403 2614 tacui
415 2561 521 2612 demens
532 2579 539 2623 ;
557 2567 584 2612 et
595 2577 644 2626 me,
656 2561 709 2612 fors
722 2561 743 2611 si
757 2578 809 2626 qua
821 2559 931 2622 tulisset,

260 2630 289 2683 si
302 2630 402 2698 patrios
413 2647 532 2697 unquam
543 2647 697 2681 remeassem
709 2631 792 2682 victor
804 2629 837 2680 ad
851 2628 940 2695 Argos,

261 2699 374 2753 Promisi
387 2699 499 2751 ultorem
511 2717 517 2762 ;
536 2705 562 2750 et
574 2699 659 2750 verbis
671 2700 731 2751 odia
743 2716 834 2768 aspera
845 2698 924 2751 meri.

261 2770 335 2847 Hine
345 2769 412 2846 miti
419 2768 506 2835 pnina
518 2768 582 2822 meli
595 2769 668 2826 lebes
680 2792 686 2839 3
705 2771 771 2828 hine
785 2790 889 2845 semper
900 2768 1002 2824 Diues

251 2835 411 2886 Criminibus
422 2843 519 2891 tmere
533 2844 631 2914 nevis;
652 2847 721 2905 hinc
735 2868 868 2922 spargere
883 2863 966 2902 voees

675 2942 688 2983 Ι
