2700 3242
452 297 618 351 AENEIDOS
635 297 703 352 LIB.
722 298 743 350 1.
983 299 1016 350 95

216 398 415 467 retSoyllaenm
426 397 525 451 rabiem
536 399 695 467 penitusque
707 403 828 451 sonantes
963 401 1013 449 200

216 469 287 521 :estis
299 468 419 536 scopulos
429 487 436 532 ;
454 485 499 521 vos
512 475 539 520 et
551 468 675 536 Cyclopia
687 485 752 520 sexa

216 538 289 606 perti.
325 537 457 589 Revooate
469 536 576 602 animos,
588 542 763 603 moestumque
775 536 894 588 timorem

216 606 280 659 site,
317 605 417 658 Forsan
430 612 456 658 et
468 605 526 657 haeo
538 606 601 657 olim
613 606 763 657 meminisse
771 605 884 673 juvabit.

216 675 319 727 ’varios
331 692 414 741 cesus,
427 692 474 743 per
484 680 525 726 tot
537 674 690 726 discrimina
701 692 790 725 rerum

216 744 314 796 idimus
325 744 355 795 in
367 744 481 810 Intimn,
494 743 566 795 sedes
579 742 625 795 ubi
636 743 694 794 fata
706 743 808 811 quietas

216 814 339 865 endunt:
358 812 413 864 illic
425 813 465 864 fas
477 829 559 879 regno
570 829 704 879 resurgere
717 813 807 878 Trojae.

216 889 279 949 rate,
292 887 320 934 et
331 887 432 933 vosmet
444 880 521 933 rebus
534 887 634 933 servate
647 881 775 934 secundis.
780 884 796 909 ''

216 951 282 1004 lolia
294 968 356 1004 vooe
368 950 448 1002 refert
459 969 466 1013 ;
484 950 604 1017 curisque
616 950 768 1016 ingentibus
781 966 848 1016 roger

216 1037 251 1072 em
262 1019 341 1073 vultu
354 1020 469 1086 simulat,
480 1019 577 1088 premit
589 1018 674 1071 ultum
687 1019 762 1071 cordo
774 1019 895 1071 dolorem.

216 1089 365 1158 ¹sepraedee
377 1088 520 1155 acoingrmt
533 1086 696 1156 dapibusque
708 1088 822 1140 futuris:
963 1091 1014 1138 210

216 1175 285 1225 gom
296 1157 432 1225 deripiunt
444 1157 529 1224 costis,
541 1164 568 1208 et
580 1157 680 1210 viscere
691 1156 811 1220 nudnnt;

216 1244 237 1279 rs
248 1227 278 1278 in
289 1226 376 1278 frusta
388 1232 483 1292 secant,
496 1226 652 1293 veribusque
664 1226 805 1278 trementia
816 1225 903 1292 figunt
914 1244 921 1288 ;

216 1313 260 1348 ore
272 1295 359 1347 ahena
370 1295 459 1347 locent
470 1295 524 1361 alii,
536 1295 707 1362 flammasque
718 1295 877 1346 ministrant.
954 1288 957 1297 '

216 1382 241 1417 m
252 1365 327 1417 victu
338 1370 462 1418 revocant
475 1365 550 1431 vires,
563 1364 667 1432 fusique
679 1380 726 1433 per
738 1362 846 1415 herbam

215 1434 324 1502 plentm
335 1433 431 1486 veteris
443 1433 541 1485 Bacchi
552 1433 712 1502 pinguisque
723 1432 821 1484 ferinae.

216 1508 318 1571 itquem
330 1508 435 1555 exemto
447 1504 530 1555 fames
541 1503 635 1571 epulis,
647 1518 795 1569 mensaeque
807 1506 920 1565 remotae,

216 1572 289 1624 rissos
301 1571 380 1639 longo
392 1572 472 1624 socios
485 1589 601 1625 sermone
612 1571 759 1639 requirunt,

216 1658 305 1708 emque
317 1646 470 1708 metumque
482 1640 551 1692 inter
564 1640 644 1707 dubii,
658 1656 704 1692 seu
716 1640 803 1692 vivere
815 1640 929 1707 erodant,

216 1728 235 1765 'e
246 1717 365 1765 extrema
376 1711 434 1779 poti
444 1728 493 1763 neo
501 1713 558 1778 jem
571 1711 696 1763 exaudire
711 1718 821 1763 vooetos.

216 1779 824 1914 ppeippppcipsoefflupleapepnpp{pppilsdlgpipnstpcum
966 1781 1017 1827 ‘³20

216 1920 245 1967 ts
255 1915 327 1982 Iryoi,
340 1915 486 1983 fortemque
499 1916 582 1982 Gyan,
593 1916 739 1983 fortemque
752 1916 916 1968 Cloanthum.

216 1984 247 2036 st
254 1985 313 2051 jam
323 1983 384 2035 finis
396 1992 468 2036 erat:
486 2001 569 2052 quum
581 1984 689 2052 Jupiter
702 1986 798 2037 sothero
810 2002 910 2036 summo

216 2053 329 2122 spiciens
340 2070 412 2105 more
425 2053 566 2106 velivolum
578 2059 711 2120 terrasque
720 2055 845 2121 jacentes,

216 2139 317 2190 zonaque
329 2127 357 2173 et
368 2122 435 2174 lotos
446 2123 563 2191 populos,
575 2123 611 2175 sio
624 2123 721 2176 vertice
733 2122 792 2175 coeli

216 2191 310 2257 nstitit,
322 2195 350 2242 et
362 2190 449 2258 nibyae
462 2191 554 2243 defixit
566 2192 667 2244 lumine
679 2193 773 2259 regnis.

216 2277 265 2329 que
276 2260 356 2312 illum
367 2259 433 2312 telos
441 2262 588 2327 jaetantem
618 2268 703 2313 cotors
716 2277 791 2312 curas

216 2329 287 2382 istior
299 2335 326 2381 et
338 2328 452 2381 lacrimis
464 2329 551 2382 oeulos
563 2279 663 2381 suffusa
674 2330 790 2380 nitentes

216 2398 332 2467 loquitur
344 2398 450 2451 Venus:
467 2401 512 2453 “0
525 2401 571 2469 qui
583 2417 624 2453 res
636 2398 825 2464 hominumque
838 2396 965 2463 deumque

216 2467 296 2520 ternis
306 2466 376 2534 regis
388 2466 511 2535 imperiis,
524 2474 551 2519 et
562 2468 674 2520 fulmine
687 2473 776 2534 terres,
968 2468 1018 2518 230

216 2536 250 2588 nd
260 2553 337 2589 meus
348 2537 445 2588 AEness
457 2537 485 2587 in
497 2543 525 2588 te
537 2538 699 2589 committere
712 2542 825 2599 tantum,

216 2606 250 2658 lid
262 2604 343 2657 Trois
388 2612 470 2672 tuere,
483 2606 585 2672 quibus,
598 2612 637 2657 tot
649 2606 743 2656 funera
755 2606 844 2672 pessis,

216 2680 300 2727 luctus
312 2673 345 2726 ob
372 2674 464 2726 tolinm
476 2681 605 2727 terrarum
617 2674 751 2726 clauditur
763 2673 830 2724 orbis
840 2674 849 2725 'l

216 2749 258 2795 rte
268 2742 333 2795 hine
345 2742 474 2795 Romanos
486 2743 555 2811 olim,
569 2741 737 2798 volventibus
749 2742 837 2814 annis,

216 2810 316 2861 nemra
326 2810 450 2876 ductores,
463 2820 588 2871 revocato
601 2834 619 2873 a
633 2818 770 2891 sunguine
781 2817 898 2888 'louein
