2700 3242
273 321 325 371 330
488 316 518 370 Ρ.
537 316 692 370 VIRGILII
709 316 872 371 MARONIS

274 418 389 488 Insignis
400 436 483 486 agros
514 419 599 471 Possit
610 419 674 488 quid
687 418 777 473 vivida
787 419 881 487 virtus,

273 489 416 558 Experiere
428 489 504 542 licet:
522 505 571 541 nee
583 488 660 556 longe
672 489 774 541 scilicet
784 489 872 542 hostes

274 558 415 622 Quaerendi
426 558 515 623 nobis;
533 558 706 611 circumstant
717 558 835 626 undique
846 574 942 612 muros.

274 627 347 679 Imus
359 628 388 680 in
400 626 538 680 adversosl
557 627 621 695 quid
634 627 735 680 cessas?
753 645 789 680 an
801 628 851 679 tibi
863 628 968 680 Mavors

274 695 389 818 gentosa
401 697 430 748 in
442 697 535 818 lqngua
547 696 708 765 pedibusque
720 696 859 765 fugacibus
870 697 928 749 istis
1065 701 1118 750 300

294 783 334 817 em
369 784 383 817 r
395 766 445 818 erit

273 784 369 887 Pulsdd
381 852 428 902 ego
438 835 448 888 l
466 841 514 888 aut
526 835 665 903 quisquam
676 835 779 902 merito,
790 834 939 902 foedissime,
951 835 1060 905 pulsum

272 905 383 971 Arguet,
396 904 478 957 Iliaco
491 905 623 956 tumidum
636 905 683 972 qui
695 921 809 956 crescere
820 904 948 971 Thybrim

273 973 414 1041 Sanguine,
427 979 454 1025 ot
467 974 584 1026 Evandri
596 979 681 1026 totam
693 991 754 1026 curn
766 974 848 1042 stirpe
859 973 960 1026 videbit

273 1041 444 1095 Procubuisse
456 1042 570 1109 domum,
583 1049 663 1111 atque
675 1049 770 1095 exutos
782 1042 898 1095 Arcadas
910 1042 1007 1096 armisl

272 1111 354 1162 Haud
366 1112 405 1164 ita
416 1130 459 1164 me
471 1113 574 1181 experti
586 1113 670 1164 Bitias
683 1119 710 1164 et
723 1112 860 1164 Pandarus
872 1112 973 1180 ingens,

272 1181 308 1232 Et
321 1198 384 1248 quos
396 1182 469 1234 mille
481 1181 525 1234 die
537 1183 622 1234 victor
633 1181 683 1234 sub
695 1182 805 1234 Tartara
815 1181 884 1249 misi,

274 1250 393 1302 Inclusus
405 1251 487 1302 muris
499 1251 642 1318 hostilique
654 1268 749 1318 aggere
761 1257 858 1319 septus

272 1319 355 1371 Nulla
367 1319 437 1372 salus
449 1320 525 1372 bello.
556 1320 643 1389 Capiti
656 1337 721 1372 cane
733 1320 799 1373 talia
811 1319 918 1372 demens

272 1387 413 1457 Dardanio,
425 1389 553 1458 rebusque
565 1389 626 1442 tuis.
656 1389 770 1442 Proinde
781 1389 870 1441 omnia
881 1405 977 1457 magno
1065 1393 1118 1442 400

272 1457 298 1509 N
298 1475 313 1510 e
325 1474 396 1510 cessa
408 1458 514 1510 turbare
525 1464 606 1525 metu,
618 1463 699 1525 atque
712 1458 837 1510 extollere
849 1459 917 1510 vires

274 1527 365 1579 Gentis
378 1527 418 1579 bis
429 1528 525 1590 viotae3
544 1534 635 1580 eontra
647 1545 764 1596 premere
776 1545 849 1580 arma
861 1527 957 1580 Latini.

272 1595 351 1648 Nunc
363 1603 390 1648 et
402 1596 601 1663 Myrmidonum
612 1614 730 1665 proceres
743 1597 860 1664 Phrygia
871 1614 944 1650 arma
954 1596 1117 1664 tremiscunt,

272 1665 298 1717 N
299 1683 352 1717 nno
364 1671 391 1717 et
403 1666 524 1732 Tydides,
537 1672 564 1718 et
577 1666 718 1718 Larissaeus
730 1665 862 1730 Achilles3

273 1735 367 1786 Amnis
381 1741 407 1786 et
421 1735 566 1787 Hadriacas
577 1742 647 1787 retro
659 1735 732 1802 fugit
744 1734 855 1787 Aufidus
867 1734 960 1788 undas.

274 1802 323 1854 Vel
336 1821 420 1870 quum
432 1821 458 1855 se
471 1804 598 1872 pavidum
611 1810 702 1856 contra
713 1822 772 1856 mea
780 1805 871 1872 jurgia
882 1804 961 1872 fingit

272 1872 389 1924 Artificis
401 1873 492 1939 scelus,
505 1879 532 1925 et
545 1873 684 1926 formidine
696 1874 795 1925 crimen
806 1872 918 1925 acerbat.

272 1941 416 2010 Nunquam
428 1943 545 1994 animam
556 1943 638 1994 talem
650 1942 744 1994 dextra
756 1941 937 1994 hac—absiste
948 1943 1085 1995 moveri-

273 2010 404 2076 Amittes3
423 2010 525 2063 habitet
538 2017 634 2078 tecum,
647 2017 674 2063 et
687 2013 722 2063 sit
734 2017 837 2080 pectore
848 2011 877 2062 in
889 2011 947 2064 isto.

273 2079 352 2131 Nunc
364 2081 398 2132 ad
410 2086 445 2147 te,
458 2086 485 2132 et
498 2086 545 2132 tua
556 2098 661 2148 magna,
674 2087 757 2148 pater,
769 2080 889 2132 consulta
900 2086 1024 2134 revertor.
1067 2085 1120 2134 410

274 2149 301 2200 Si
314 2149 416 2201 nullam
428 2150 523 2201 nostris
535 2149 606 2202 ultra
619 2167 692 2217 spem
704 2149 779 2216 ponis
791 2150 820 2201 in
831 2149 918 2216 armis,

274 2218 302 2269 Si
314 2224 370 2269 tam
382 2218 477 2270 deserti
490 2236 586 2284 sumus,
599 2225 626 2269 et
638 2218 718 2270 semel
730 2219 834 2285 agmine
847 2236 920 2270 verso

274 2286 407 2338 Funditus
420 2287 569 2354 occidimus,
582 2304 667 2355 neque
679 2287 760 2340 habet
771 2289 879 2339 fortuna
890 2305 1038 2355 regressum
1048 2307 1056 2354 ;

275 2355 384 2407 Oremus
396 2373 495 2424 pacem,
508 2362 535 2408 et
547 2356 653 2408 dextras
665 2356 805 2408 tendamus
817 2357 920 2408 inertes.

275 2424 434 2492 Quanquam
446 2442 468 2490 o,
481 2425 503 2475 si
516 2426 598 2476 solitae
611 2426 756 2493 quidquam
768 2426 874 2477 virtutis
885 2426 996 2493 adesset,

276 2493 325 2545 Ille
337 2494 403 2544 mihi
416 2501 478 2545 ante
491 2494 555 2545 alios
567 2495 770 2562 fortunatusque
782 2495 908 2562 laborum,

275 2562 456 2630 Egregiusque
468 2563 557 2630 animi,
570 2564 623 2631 qui,
636 2581 669 2615 ne
682 2564 746 2631 quid
759 2564 812 2615 tale
824 2564 932 2631 videret,

274 2630 419 2683 Procubuit
430 2632 549 2699 moriens,
562 2639 589 2684 et
601 2633 713 2684 humum
725 2634 804 2684 semel
816 2650 859 2686 ore
872 2633 1019 2687 momordit.

265 2699 315 2754 Sin
329 2707 357 2755 et
370 2720 431 2775 opes
445 2701 528 2772 nobis,
541 2707 568 2755 et
579 2702 666 2754 adhuc
678 2703 780 2754 intacta
788 2704 923 2770 juventus,

255 2773 430 2850 Auxilioque
445 2776 526 2832 urbes
540 2774 621 2829 italae
632 2772 779 2844 populique
789 2778 944 2836 supersunt,
1069 2778 1121 2827 420

244 2843 300 2905 Sin
313 2857 344 2907 et
360 2851 494 2926 l'roJanis
508 2867 579 2908 oum
589 2845 683 2904 multo
696 2839 869 2913 &eraserint
