2700 3242
358 255 411 305 326
590 253 618 306 P.
637 254 792 306 VIRGILII
811 255 972 307 MARONIS

358 351 395 404 Et
402 351 526 406 ‚Venulus
538 353 609 408 dioto
619 372 714 424 parens
725 356 765 408 ita
775 357 855 409 farier
866 355 942 407 infit:

393 423 546 491 “Vidimus
559 441 574 476 o
586 424 663 486 cives,
678 423 834 475 Diomedem
847 422 999 490 Argivaque
1011 423 1105 489 cestro,

358 490 447 558 Atque
459 492 510 544 iter
522 493 620 544 emensi
632 511 707 544 casus
719 494 899 561 superavimus
911 510 999 544 omnes
1009 510 1016 555 ;

359 559 575 629 Contigimusque
587 579 703 628 manum,
716 579 768 629 qua
780 562 895 614 concidit
907 562 958 613 Ilia
969 561 1057 614 tellus

359 626 409 680 llle
421 629 510 681 urbem
525 631 690 698 Argyripam,
702 631 796 699 patriae
808 631 961 699 cognomine
972 631 1068 700 gentis,

358 695 451 750 Victor
463 699 578 767 Gargani
590 699 719 752 condebat
731 700 838 768 Iapygis
850 701 926 752 arvis.

358 766 502 835 Postquam
513 769 672 836 introgressi,
685 776 712 821 et
724 786 811 821 coram
822 770 886 821 data
898 768 974 837 copia
985 767 1061 820 fandi
1072 785 1080 821 :

357 833 471 888 Munera
484 838 654 905 praeferimus,
666 855 762 891 nomen
773 839 938 906 patriamque
949 837 1073 890 docemus
1084 855 1092 900 3

358 903 411 967 Qui
421 904 520 957 bellum
532 906 680 970 intulerint,
693 924 751 975 quae
764 924 843 960 causa
855 906 997 960 attraxerit
1008 905 1102 975 Arpos
1152 909 1166 959 l

357 973 463 1025 Auditis
475 975 521 1026 ille
532 974 589 1027 haee
601 975 705 1043 placido
717 976 754 1028 sic
765 976 883 1028 reddidit
894 992 954 1029 ore:

357 1041 397 1094 ‘O
409 1042 551 1095 fortunatas
563 1050 665 1110 gentes,
678 1041 803 1096 Saturnia
813 1058 904 1111 regna,

355 1110 468 1178 Antiqui
480 1110 598 1177 Ausonii,
611 1126 669 1178 quae
682 1127 727 1162 vos
739 1111 848 1162 fortuna
859 1110 962 1178 quietos

356 1178 495 1245 Sollicitat,
508 1179 653 1247 suadetque
665 1179 757 1246 ignota
768 1178 892 1231 lacessere
904 1177 993 1232 bellal

357 1247 521 1316 Quicumque
534 1248 627 1300 Iliacos
638 1248 707 1300 ferro
720 1247 876 1300 violavimus
888 1264 1007 1314 agros,-

356 1315 436 1369 Mitto
449 1334 487 1383 ea,
500 1333 560 1385 quea
571 1316 653 1369 muris
665 1316 788 1369 bellando
800 1316 930 1369 exhausta
942 1315 991 1367 sub
1002 1316 1073 1382 altis,

357 1385 427 1448 Quos
439 1385 534 1438 Simois
546 1391 648 1454 premat
660 1386 706 1438 ille
718 1385 940 1451 viros-infanda
951 1402 998 1453 per
1009 1385 1100 1439 orbem

355 1453 393 1506 Su
411 1455 492 1522 plicia
503 1461 531 1507 et
543 1456 670 1507 scelerum
682 1472 772 1523 poenas
784 1453 958 1522 expendimus
969 1470 1067 1521 omnes,

356 1472 411 1575 vel
418 1523 523 1576 Priamo
534 1523 683 1576 miseranda
694 1540 788 1575 manus
799 1542 806 1586 3
824 1524 875 1575 scit
887 1523 962 1575 triste
974 1523 1104 1576 Minerva

355 1591 441 1658 Sidus,
453 1598 481 1645 et
493 1592 616 1645 Euboica
629 1599 727 1659 cautes,
738 1592 861 1660 ultorque
873 1591 1029 1659 Caphereus.
1150 1596 1166 1645 2

356 1660 456 1713 Militia
467 1678 501 1713 ex
513 1662 560 1713 illa
572 1662 706 1714 diversum
717 1662 751 1713 ad
764 1661 828 1712 litus
840 1661 936 1728 adacti,

355 1729 461 1782 Atrides
473 1730 561 1782 Protei
574 1729 711 1782 Menelaus
723 1730 840 1798 adusque
852 1729 986 1781 columnas

355 1797 486 1862 Exsulat;
503 1799 621 1851 AEtnaeos
634 1799 702 1851 vidit
714 1799 840 1866 Cyclopas
852 1798 952 1851 Ulixes.

355 1867 448 1935 Regna
459 1868 625 1936 Neoptolemi
636 1868 755 1934 referam,
768 1884 906 1935 versosque
951 1874 1026 1919 nates

355 1936 489 1989 Idomenei
501 1937 510 1988 l
529 1937 659 2005 Libycone
671 1936 821 1988 habitantes
834 1936 910 1988 litore
973 1936 1035 1988 rosl

356 2005 416 2074 Ipse
429 2007 579 2074 Mycenaeus
591 2023 747 2073 magnorum
759 2005 852 2057 ductor
865 2005 996 2057 Achivum

355 2075 479 2143 (lonjugis
491 2075 607 2127 infandae
620 2075 705 2143 prima
717 2075 788 2125 intra
800 2074 893 2126 limina
904 2074 999 2126 dextra

355 2143 492 2211 Oppetiit;
511 2144 642 2196 devictam
654 2143 745 2195 Asiam
759 2143 877 2195 subsedit
889 2143 1000 2195 adulter.

354 2212 484 2264 Invidisse
496 2213 564 2279 deos,
577 2212 669 2280 patriis
679 2219 710 2264 ut
722 2211 840 2263 redditus
852 2212 904 2263 aris

355 2282 513 2348 Oonjugium
525 2287 647 2349 optatum
659 2288 686 2333 et
699 2280 837 2349 pulchram
847 2280 980 2348 Calydona
989 2280 1125 2334 videreml
1151 2287 1166 2336 2

354 2349 433 2402 Nunc
445 2351 526 2402 etiam
537 2350 656 2401 horribili
670 2350 729 2402 visu
741 2356 864 2416 portenta
876 2356 1031 2417 sequuntur,

353 2419 390 2473 Et
402 2420 465 2471 socii
477 2419 565 2470 amissi
578 2419 711 2486 petierunt
723 2419 822 2469 aethcra
834 2419 936 2486 pennis,

354 2488 572 2556 Fluminibusque
585 2495 716 2554 vagantur
728 2504 796 2553 aves,
808 2487 861 2538 heu
873 2487 930 2539 dira
941 2504 1060 2539 meorum

214 2604 231 2619 ,,
354 2556 507 2625 Supplicia!
527 2562 554 2608 et
567 2556 684 2624 scopulos
697 2555 840 2607 lacrimosis
853 2555 959 2608 vocibus
971 2556 1093 2623 implent.

194 2632 212 2682 f.
343 2625 415 2681 Haec
425 2627 494 2682 adeo
507 2644 541 2681 ex
553 2625 600 2681 illo
612 2625 680 2679 mihi
689 2627 745 2695 Jam
756 2625 885 2692 speranda
896 2625 1005 2676 fuerunt

234 2728 265 2818 ι
332 2697 474 2773 Tempore,
490 2720 578 2775 quum
592 2700 663 2757 ferro
677 2695 797 2754 calestia
807 2711 913 2765 corporo.
922 2693 1027 2744 deluens

316 2770 449 2849 Appetfi,
461 2782 493 2834 et
511 2777 631 2836 Veneris
643 2773 750 2834 violavi
760 2767 876 2826 maluere
887 2764 1017 2817 dextram

227 2250 238 2345 l

226 2356 238 2441 1
