2700 3242
275 324 328 376 350
505 320 535 374 Ρ.
554 319 711 375 VIRGILII
729 317 892 372 MARONIS

274 421 395 492 setigeri
406 422 492 476 fetum
504 423 566 490 suis,
577 423 763 490 intonsamque
774 420 910 473 bidentem

274 492 384 559 Attulit,
397 493 575 560 ommovitque
588 509 667 560 pecus
679 489 852 559 flagrantibus
864 489 925 543 aris.

275 560 321 613 Illi
332 561 367 614 nd
379 567 530 629 surgentem
543 561 660 614 conversi
672 561 776 612 lumina
788 559 868 611 solem

273 629 347 683 Dant
359 630 448 698 fruger
460 630 581 682 manibus
594 630 683 696 salsas,
695 635 723 680 et
735 635 854 697 tempora
864 627 934 680 ferro

274 699 383 755 Summo
394 703 490 751 notent
501 699 640 767 pecudum,
652 698 803 766 poterisque
815 697 910 749 ulteria
921 696 1016 752 libent.

274 766 342 820 num
354 768 415 837 pius
426 767 523 820 AEneae
536 767 626 821 stricto
639 767 676 820 eie
689 772 902 835 enee-precetur:

276 839 292 863 ‘⁶
303 837 365 888 Esto
377 853 449 888 nunc
464 837 507 888 Sol
520 838 594 890 testis
604 841 631 890 et
642 836 700 888 haee
711 835 778 888 mihi
790 835 869 886 Terra
881 832 995 896 vocanti,

274 899 361 964 Quom
373 905 480 968 propter
491 905 580 952 tentos
592 901 667 969 potui
680 900 794 968 perferre
804 899 912 966 labores,

272 968 309 1021 Et
321 969 401 1023 Pater
412 969 584 1037 omnipotens,
596 975 624 1022 et
635 975 666 1021 tu
679 969 804 1021 Saturnia
814 971 834 1024 J
835 989 888 1023 uno
897 976 919 1032 ¹,

272 1037 294 1090 J
294 1055 338 1091 nm
349 1038 448 1106 melior,
456 1040 522 1106 jam,
534 1038 602 1105 divo,
615 1055 713 1106 precor,
726 1043 809 1106 tuque
820 1038 920 1106 inclyte
931 1037 1046 1106 Mavors,

273 1107 376 1160 (iuncto
387 1112 435 1158 tuo
464 1106 493 1158 ui
505 1106 581 1173 belle,
594 1113 678 1176 puter,
690 1106 739 1159 sub
751 1107 861 1159 numine
872 1113 978 1175 torques
989 1126 996 1172 ;

274 1175 431 1244 Fontesque,
445 1124 604 1244 diuviosque
616 1193 687 1242 voco,
700 1193 811 1244 quaeque
822 1175 941 1228 AEtherie
953 1177 1004 1230 nlti

273 1243 384 1312 Religio,
396 1250 423 1297 et
436 1261 494 1312 quae
506 1245 617 1298 caeruleo
630 1252 693 1298 eunt
704 1246 817 1297 numina
829 1253 919 1313 ponto.

273 1313 384 1365 Oeseerit
396 1314 513 1366 Ausonio
525 1315 547 1366 si
559 1315 612 1366 forr
624 1314 735 1367 victorin
747 1315 844 1380 Turno,

273 1381 409 1448 Convenit,
420 1382 538 1436 Evandri
551 1383 634 1436 victos
646 1384 779 1436 discedere
790 1383 825 1435 ad
837 1383 930 1435 urbem
940 1401 948 1448 ;

272 1451 353 1504 Cedet
366 1451 440 1504 Iulus
452 1452 540 1520 egrie;
558 1469 607 1504 nee
619 1458 680 1520 post
690 1469 764 1504 ormo
776 1453 832 1504 ulle
843 1452 954 1505 rebelles

271 1520 398 1573 AEneadae
410 1521 532 1589 referent,
544 1521 645 1574 ferrove
658 1522 715 1574 hoec
726 1539 809 1589 regno
820 1521 957 1575 lacessent.

271 1587 319 1642 sin
332 1596 450 1642 nostrum
463 1591 586 1642 annuerit
598 1591 673 1642 nobis
685 1590 803 1643 Victoria
815 1591 972 1658 Martem,-

272 1657 310 1711 Ut
322 1659 411 1728 potius
422 1675 487 1724 reor,
500 1665 527 1711 et
539 1660 627 1727 potius
640 1660 668 1711 di
680 1660 790 1711 numine
801 1660 943 1712 firment-

271 1726 332 1788 Non
344 1744 392 1794 ego
404 1745 452 1779 nee
465 1728 572 1780 Teucris
586 1729 667 1781 Italos
680 1746 771 1797 parere
779 1729 885 1796 jubebo,

270 1786 327 1849 Nee
338 1797 405 1848 mihi
417 1813 498 1864 regnu
510 1803 587 1865 peto:
605 1797 713 1865 paribus
726 1815 753 1849 se
765 1799 867 1864 legibus
879 1798 963 1850 ambae

271 1864 383 1919 Invietae
395 1872 486 1934 gentes
499 1872 598 1919 aeternn
610 1868 639 1918 in
651 1867 750 1919 foedere
760 1868 877 1920 mittant.

271 1933 350 1987 Sacro
362 1936 475 2002 deosque
487 1935 571 2000 debo;
589 1953 661 1987 socer
672 1954 746 1988 arma
758 1936 868 1988 Latinus
880 1936 976 1989 habeto
986 1957 994 2002 ς

271 2003 416 2072 Imperium
428 2004 542 2075 solemne
556 2022 642 2058 socer:
660 2005 727 2056 mihi
739 2006 837 2057 moenia
848 2007 941 2058 'leucri

271 2072 446 2138 Constituent,
459 2074 570 2142 urbique
583 2074 657 2126 dabit
669 2074 780 2126 Lavinia
792 2073 909 2127 nomen.”

270 2140 314 2193 Sic
326 2142 397 2211 prior
408 2142 522 2206 AEneas;
541 2144 659 2210 sequitur
671 2144 709 2195 eie
721 2144 816 2196 deinde
829 2145 940 2196 Latinus

270 2209 421 2278 Suspicione
434 2213 536 2277 eretum,
549 2213 688 2280 tenditque
700 2213 734 2264 nd
747 2212 832 2265 sidera
844 2213 981 2266 dextram:

272 2281 288 2305 ‘⁶
298 2282 363 2330 Haec
375 2278 474 2343 eadem,
488 2281 577 2345 AEnea,
591 2280 704 2344 Terram,
717 2280 798 2346 Mare,
811 2282 908 2348 Sidera,
917 2284 987 2348 juro,

269 2341 431 2413 Latonaeque
443 2363 526 2413 genus
539 2346 646 2414 duplex,
658 2347 679 2400 J
679 2363 813 2416 anumque
825 2347 975 2414 bifrontem,

270 2411 384 2481 Vimque
397 2415 476 2466 deum
488 2415 619 2466 infernam
631 2421 658 2467 et
670 2416 731 2467 duri
744 2417 858 2469 sacrario
868 2417 940 2469 Ditis
950 2436 957 2481 ;

268 2481 370 2535 Audiat
382 2483 439 2536 haee
453 2484 567 2550 Genitor,
580 2485 627 2552 qui
638 2485 738 2537 foedere
749 2486 862 2538 fulmine
875 2487 960 2539 sancit
970 2505 977 2551 ;

268 2549 359 2619 Tango
372 2569 448 2616 ares;
465 2553 564 2604 medios
577 2553 650 2620 ignee
663 2560 691 2606 et
703 2556 813 2607 numina
825 2561 923 2608 testor:

267 2618 295 2673 N
295 2619 351 2672 ulla
363 2621 418 2673 dies
430 2639 522 2689 pacem
534 2622 603 2673 hanc
617 2623 699 2689 Italis,
713 2642 761 2676 nee
773 2624 872 2676 foedero
883 2630 998 2694 rumpet,

262 2689 322 2758 Quo
333 2709 377 2747 res
390 2709 505 2764 eumque
517 2692 612 2745 cedent
622 2711 630 2756 3
646 2709 695 2744 nee
706 2710 749 2744 me
761 2695 801 2745 vis
814 2694 869 2746 ulla
881 2693 1016 2749 volentem

249 2763 390 2831 Avertam
410 2784 476 2838 non,
490 2765 515 2822 ei
527 2763 654 2820 tellurem
664 2762 825 2816 eliundet'm
830 2763 926 2825 under,

238 2837 366 2900 Diluvio
378 2842 515 2913 miscens,
530 2838 687 2906 coelumque
696 2833 851 2885 inluxere
859 2829 962 2880 edunt:

673 2941 679 2950 ·
702 2925 783 2970 coniux
