2700 3242
273 311 324 364 118
487 310 516 363 P.
535 309 689 362 VIRGILII
708 308 869 361 MARONIS

275 410 405 477 Substitit,
418 416 498 478 atque
510 415 584 462 utero
598 411 712 461 sonitum
724 416 818 477 quater
829 426 902 460 arina
914 409 1015 464 dedere.

275 478 407 531 Instemus
418 488 508 532 tamen
521 481 683 531 immemores
696 480 808 545 csecique
819 480 914 545 furore,

274 548 310 600 Et
321 556 466 600 monstrum
480 550 572 601 infelix
586 557 687 601 sacrata
700 549 814 599 sistimus
826 565 891 600 arce.

274 616 347 669 Tunc
360 619 440 670 etiam
452 619 514 671 fatis
526 619 611 686 aperit
624 618 767 670 Cassandra
780 618 876 668 futuris

275 687 334 754 Ora,
347 688 389 739 dei
397 690 474 757 jussu
486 705 539 738 non
551 704 667 755 unquam
681 687 784 738 credita·
793 687 904 738 Teucris.

274 754 328 808 Nos
340 757 449 808 delubra
462 757 539 808 deum
552 757 646 820 miseri,
661 757 756 822 quibus
768 756 878 806 ultimus
890 761 957 807 essct

274 825 324 877 Ille
337 827 399 893 dies,
411 827 480 878 festa
493 827 608 877 velamus
621 825 712 876 fronde
725 843 770 892 per
782 826 881 877 urbem.

275 893 394 947 Vertitur
405 897 506 948 interea
518 896 619 961 coelum,
633 902 659 947 et
671 895 726 945 ruit
738 912 832 946 oceano
845 911 905 959 nox,
1062 898 1114 946 250

275 962 415 1017 Involvens
427 965 520 1016 umbra
531 982 628 1031 magna
640 973 789 1030 terramque
802 964 950 1031 polumque,

232 1050 235 1057 ·
274 1031 521 1101 Myrmidonumque
534 1033 605 1084 dolos
616 1053 622 1096 ;
639 1033 692 1084 fusi
705 1051 751 1100 per
763 1034 860 1084 moenia
872 1033 964 1084 Teucri

274 1102 427 1155 Conticuere
438 1123 444 1166 ;
464 1120 538 1170 sopor
549 1103 628 1154 fessos
641 1102 825 1169 complectitur
837 1112 917 1154 artus.

311 1170 325 1196 “
334 1173 368 1221 m
377 1173 433 1236 jain
450 1173 545 1236 Argiva
558 1171 674 1238 phalanx
687 1171 823 1221 instructis
835 1172 945 1222 navibus
957 1171 1013 1222 ibat

275 1238 296 1287 A
310 1236 418 1301 Tenedo,
431 1237 519 1288 tacitae
531 1238 673 1304 peramica
685 1236 790 1288 silentia
801 1236 871 1288 lunae

274 1305 362 1358 Litora
373 1314 436 1358 nota
448 1313 556 1375 petens3
574 1305 693 1357 flammas
705 1323 786 1373 quum
798 1307 871 1372 regia
883 1306 979 1374 puppis

274 1374 420 1443 Extulerat,
432 1377 547 1444 fatisque
559 1376 637 1428 deum
650 1376 771 1426 defensus
783 1375 888 1442 iniquis,

274 1444 390 1497 inclusos
402 1454 477 1498 utem
489 1446 593 1496 Danaos
605 1452 632 1497 et
644 1445 723 1512 pinea
734 1444 826 1497 furtim

273 1512 358 1566 Laxat
370 1515 485 1567 claustra
497 1515 584 1566 Sinon.
615 1514 678 1566 Illos
690 1515 838 1581 patefactus
850 1513 883 1565 ad
896 1531 973 1565 curm

274 1582 370 1635 Reddit
382 1601 464 1650 equus
475 1603 482 1646 ;
500 1585 606 1649 laetique
618 1600 682 1634 cavo
695 1601 721 1634 se
733 1583 822 1634 robore
835 1595 959 1651 promunt
1059 1588 1112 1636 260

273 1651 449 1704 Thessandrus
462 1653 652 1720 Sthenelusque
665 1653 751 1717 duces,
765 1660 792 1704 et
804 1653 876 1703 dirus
890 1653 988 1718 Ulixes,

272 1721 420 1773 Demissum
432 1721 499 1789 lapsi
511 1739 557 1789 per
569 1722 667 1787 funem,
681 1723 850 1789 Acamasque,
863 1722 1006 1790 Thoasque,

272 1789 426 1858 Pelidesque
439 1791 631 1858 Neoptolemus,
644 1791 795 1859 primusque
808 1791 946 1858 Machaon,

271 1858 307 1911 Et
319 1860 463 1925 Menelaus,
476 1871 502 1912 et
514 1861 569 1928 ipse
582 1861 635 1912 doli
647 1860 789 1912 fabricator
800 1861 891 1928 Epeos

272 1929 407 1982 Invadunt
419 1929 509 1981 urbem
522 1947 610 1981 somno
623 1930 736 1997 vinoque
748 1930 895 1997 sepidtam;

272 1998 415 2051 Caeduntur
427 1999 525 2066 vigiles,
538 2000 670 2067 portisque
683 2000 833 2067 patentibus
845 2017 934 2051 omnes

271 2067 413 2132 Accipiunt
426 2069 512 2134 socios,
525 2080 604 2135 atque
616 2070 723 2136 agmina
735 2069 837 2120 conscia
845 2071 971 2136 jungunt.

307 2135 442 2202 “Tempus
456 2145 518 2200 erat,
531 2153 582 2203 quo
595 2139 680 2203 prima
693 2138 765 2201 quies
779 2137 930 2188 mortalibus
942 2139 1017 2205 ugris

270 2197 375 2268 Incipit,
389 2208 415 2252 et
428 2201 494 2253 dono
507 2202 598 2254 divum
610 2203 759 2270 gratissima
772 2206 858 2272 serpit.

270 2269 302 2320 In
316 2270 418 2336 somnis,
431 2288 496 2337 ecce,
510 2279 572 2323 ante
585 2272 672 2324 oculos
684 2271 863 2326 maest-issimus
877 2275 975 2327 Hector
1058 2281 1109 2334 270

271 2337 348 2390 Visus
360 2340 449 2391 adesse
461 2341 534 2407 mihi,
546 2341 683 2409 largosque
695 2343 827 2395 effundere
839 2344 923 2411 fletus,

270 2407 400 2475 Raptatus
413 2409 481 2476 bigis
493 2419 525 2462 ut
554 2411 676 2477 nondam,
690 2421 797 2480 aterque
809 2423 917 2466 cruento

269 2475 387 2543 Pulvere,
400 2495 497 2548 perque
510 2427 587 2547 pedes
600 2483 727 2547 trajectus
740 2483 794 2533 lora
806 2493 944 2535 tumentes.

269 2546 320 2598 Hei
333 2548 405 2614 mihi,
420 2549 505 2615 qualis
518 2551 590 2601 erat!
611 2559 740 2617 quantum
752 2559 871 2603 mutatus
883 2552 917 2603 ab
929 2553 985 2604 illo*

268 2615 388 2682 Hectore,
401 2617 446 2685 qui
459 2618 527 2669 redit
539 2619 648 2670 exuvias
661 2620 770 2671 indutus
783 2621 887 2685 Achilli,

269 2684 317 2735 Vel
330 2685 452 2737 Danaum
466 2686 593 2755 Phrygios
602 2689 737 2755 jaculatus
750 2691 882 2757 puppibus
895 2691 985 2757 ignes!

252 2751 430 2818 &ualentem
445 2755 561 2827 barbam,
575 2764 603 2812 et
616 2766 749 2811 concretos
761 2760 887 2826 sanguine
900 2761 990 2826 crines,

245 2817 421 2897 Vulneraque
431 2828 483 2884 illa
493 2847 604 2905 gerens,
617 2849 679 2906 quae
692 2831 798 2886 circum
806 2829 924 2900 plurima
931 2846 1023 2881 muros
