2700 3242
515 310 683 366 AENEIDOS
699 311 767 368 IrIB.
784 313 847 368 XII.
1047 321 1096 372 369

255 411 361 466 Herum
371 430 454 469 unsm
466 413 576 468 celerem
588 414 694 468 demisit
705 415 740 467 ab
752 418 849 470 aethere
861 435 962 473 summo

254 483 371 551 Jupiter,
383 483 464 552 inque
476 500 553 535 omen
565 485 585 537 J
585 491 691 537 uturnse
703 502 837 539 occurrere
844 489 933 554 jussit

254 551 307 605 Ills
319 552 399 620 volet,
411 553 542 621 celerique
552 554 587 606 ed
599 559 697 606 terrem
708 555 815 608 turbine
826 557 924 611 fertur:

253 621 315 674 Non
327 639 401 674 secus
412 639 444 674 ec
455 639 535 675 nervo
546 639 594 690 per
605 622 703 675 nubem
714 623 829 692 impulsa
840 627 947 696 sagitta,

252 690 391 743 Armatam
404 691 467 744 saevi
479 691 594 744 Parthus
606 709 686 760 quem
697 693 760 745 felle
772 696 874 761 veneni,

253 758 376 828 Parthus,
390 760 445 813 sive
457 761 555 828 Cydon,
567 762 651 813 telum
662 761 862 831 immedicabile,
874 766 958 835 torsit,

253 827 373 882 Stridens
385 835 413 882 et
425 829 520 882 celeres
532 831 668 898 incognita
680 833 797 885 transilit
808 832 921 888 umbros.

252 897 325 950 Telis
338 915 365 951 se
377 905 435 951 sate
446 899 531 952 Nocte
543 899 615 966 tulit,
628 905 763 970 terrasque
774 903 877 970 petivit
1045 911 1097 961 860

254 965 399 1034 Postquam
412 969 481 1022 ecies
493 968 566 1022 videt
579 969 674 1022 Iliacos
686 976 766 1038 atque
778 973 886 1039 agmina
897 973 987 1043 Turni,

252 1036 333 1089 Alitis
344 1037 373 1089 in
386 1055 475 1108 parvae
488 1037 604 1092 subitam,
616 1039 727 1091 collecte
738 1040 858 1108 figuram,

253 1106 318 1170 Quae
330 1109 464 1175 qnondam
475 1108 505 1159 in
517 1108 601 1161 bustis
613 1114 661 1160 aut
673 1109 833 1162 culminibus
845 1112 954 1166 desertis

251 1174 336 1228 Nocte
348 1178 440 1230 sedens
452 1195 539 1229 serum
551 1178 624 1230 canit
635 1178 788 1247 importuna
800 1197 847 1248 per
858 1181 965 1236 umbras
975 1203 982 1247 3

251 1242 331 1296 Hanc
343 1262 417 1299 verse
428 1247 457 1298 in
469 1247 565 1298 faciem
577 1248 661 1298 Turni
673 1265 701 1299 se
712 1249 794 1316 pestis
806 1248 838 1301 ob
851 1267 896 1303 ora

251 1312 367 1382 Fertque
378 1316 509 1384 refertque
521 1333 623 1384 sonans,
635 1317 802 1385 clipeumque
814 1319 949 1378 everberat
960 1322 1016 1375 alis.

250 1381 297 1436 Illi
308 1383 425 1437 membra
435 1402 520 1437 novus
532 1386 610 1438 solvit
622 1386 762 1438 formidine
775 1394 880 1455 torpor;

250 1450 367 1505 Arrectae
385 1471 420 1506 ue
431 1454 536 1507 horrore
549 1473 636 1522 comae,
649 1462 676 1508 et
689 1473 740 1508 vox
752 1456 873 1509 faucibus
885 1457 969 1513 haesit.

249 1523 287 1574 At
298 1539 359 1591 proc
401 1529 433 1576 ut
444 1524 516 1576 Dirae
529 1525 666 1576 stridorem
678 1526 787 1592 ognovit
799 1531 826 1577 et
838 1527 900 1594 alas,

250 1590 350 1644 Infelix
362 1593 446 1646 crines
459 1593 555 1645 scindit
567 1594 587 1646 J
589 1600 688 1647 uturno
700 1594 805 1663 solutos,
1042 1600 1095 1655 870

249 1659 390 1728 Unguibus
403 1679 448 1714 ora
459 1679 529 1714 soror
540 1663 649 1730 foedans,
662 1669 690 1716 et
702 1671 808 1732 pectore
819 1666 932 1734 pugnis:

252 1730 269 1757 “
279 1729 350 1793 Quid
363 1746 434 1782 nunc
446 1735 474 1782 tc
485 1735 540 1795 tua,
553 1730 649 1794 Turne,
660 1734 748 1796 potest
759 1747 885 1797 germane
899 1730 1008 1784 'uverei

249 1793 306 1847 Aut
319 1795 384 1862 quid
391 1797 448 1863 jem
461 1795 533 1846 durae
546 1801 653 1863 superet
664 1794 752 1847 mihil
771 1811 825 1862 quc
836 1795 886 1847 tibi
892 1748 985 1848 lucem

248 1863 315 1916 Arte
326 1864 430 1917 morerl
448 1863 524 1916 talin’
536 1881 642 1932 possum
653 1881 696 1915 me
708 1881 837 1933 opponere
849 1872 964 1918 monstro
974 1866 984 1917 i

249 1933 269 1985 J
270 1949 313 1985 em
321 1935 380 2002 jem
390 1933 482 2002 linquo
493 1933 568 1986 acics.
603 1933 644 1985 Ne
655 1951 698 1984 me
710 1938 807 1986 terrete
817 1934 963 2002 timentem,

249 2001 373 2056 Obscenae
385 2003 521 2057 volucres:
539 2001 642 2069 elerum
654 2001 762 2054 verbera
773 2019 858 2068 nosco,

248 2069 420 2140 Iretelemque
433 2088 526 2125 sonum
536 2090 544 2135 ;
561 2089 610 2124 nec
622 2071 722 2123 fallunt
729 2072 805 2139 jusso
816 2071 928 2140 superbe

197 2150 199 2177 ³
248 2139 416 2210 Magnanimi
427 2143 447 2195 J
448 2141 510 2194 ovis.
546 2141 611 2192 Haec
623 2157 670 2209 pro
683 2141 837 2208 virginitate
849 2140 972 2208 reponiti

197 2264 200 2277 ,
248 2210 308 2274 Quo
319 2211 403 2264 vitam
416 2211 490 2264 dedit
502 2210 649 2263 aeternaml
668 2227 716 2262 cur
726 2210 818 2261 mortis
830 2210 937 2261 ademta
949 2215 989 2262 est

248 2279 389 2333 conditioi
407 2297 509 2350 possem
520 2285 609 2332 tentos
621 2279 698 2331 finire
709 2279 809 2331 dolores
1040 2282 1090 2333 880

246 2349 326 2403 Nunc
338 2355 417 2418 certe,
429 2356 457 2403 et
468 2351 562 2402 misero
574 2349 651 2401 fratri
663 2366 749 2401 comes
761 2349 799 2400 ire
810 2364 858 2416 per
869 2347 983 2402 umbras.

247 2418 408 2472 Immortalis
420 2419 488 2487 egoi
507 2425 555 2473 sut
567 2419 713 2487 quidquem
724 2417 791 2469 mihi
803 2417 881 2469 dulce
892 2434 1011 2470 meorum

245 2489 283 2542 Te
295 2490 359 2557 sine,
371 2490 459 2556 freter,
473 2489 542 2542 criti
579 2489 672 2556 Oquae
686 2487 749 2540 satis
761 2486 818 2539 alto
829 2487 948 2538 dehiscat

245 2558 326 2612 llerrc
337 2559 411 2625 mihi,
423 2576 565 2627 manesque
578 2559 655 2610 deam
667 2557 792 2610 demittet
803 2556 838 2608 ad
849 2556 915 2608 imos
922 2554 948 2609 i''

245 2628 363 2681 Tantum
375 2628 462 2696 effato,
474 2633 556 2697 caput
568 2627 662 2695 glauco
674 2625 794 2680 contexit
805 2626 906 2678 amictu

245 2695 336 2752 Multa
347 2714 462 2765 gemens,
475 2704 502 2750 et
514 2715 541 2750 se
552 2697 633 2750 fluvio
646 2696 696 2749 dec
707 2695 827 2748 condidit
837 2695 905 2748 ulto.

279 2767 378 2819 AEneas
387 2768 472 2819 instet
483 2772 583 2837 contre,
595 2766 739 2840 telumque
750 2771 880 2822 coruscet

235 2839 337 2899 Ingens
346 2834 493 2904 arboreum,
507 2843 535 2892 et
546 2856 621 2894 saevo
635 2840 810 2972 sioffsesore
820 2839 924 2893 intur.

649 2929 670 2971 B
