2700 3242
274 310 326 360 214
508 305 536 358 P.
556 304 711 357 VIRGILII
727 302 893 360 Minonis

276 409 329 460 Ceu
342 408 474 475 quondam
486 408 586 475 petiero
596 414 666 458 rates
676 426 683 469 3
702 423 762 474 pars
774 405 865 457 tollere
877 421 968 458 vocem

274 477 421 545 Exiguam:
440 477 560 544 inceptus
573 476 670 527 clamor
682 476 826 526 frustratur
838 475 949 526 hiantes,

310 547 398 614 Atque
410 547 454 598 hic
467 545 617 598 Priamiden
627 545 759 596 laniatum
771 561 877 612 corporo
889 548 945 594 toto

273 614 443 683 Deiphobum
455 615 529 681 vidit,
542 615 657 666 lacerum
669 613 811 665 crudeliter
823 630 875 678 ora,

275 684 328 737 Ora
339 702 485 753 manusque
498 684 594 749 ambas,
606 682 787 751 populataque
799 687 918 748 tempora
930 681 1015 749 raptis

274 753 398 820 Auribus,
411 761 438 806 et
449 761 557 805 truncas
569 752 707 803 inhonesto
719 751 828 803 vulnere
840 767 923 801 nares.

274 822 329 874 Vix
341 823 406 875 adeo
418 822 526 889 agnovit
538 822 710 890 pavitantem,
723 825 750 871 et
762 819 820 870 dira
832 824 967 884 tegentem

274 891 427 1009 {qpplieim
446 897 473 943 et
485 891 554 942 notis
566 889 707 957 compellat
719 887 826 940 vocibus
838 887 926 938 ultro:

320 957 436 1030 'eiphobe
448 956 614 1022 armipotens,
624 971 707 1032 genus
719 953 773 1006 alto
784 971 801 1006 a
813 953 940 1020 sanguine
948 953 1051 1022 Teucri,
1065 961 1122 1011 500

276 1020 340 1081 Quis
352 1026 409 1070 tam
420 1019 537 1071 crudeles
550 1026 652 1088 optant
665 1038 766 1072 sumere
778 1021 888 1088 poenasi

275 1087 323 1139 Oui
336 1095 442 1140 tantum
454 1089 486 1140 de
498 1094 525 1141 te
536 1089 633 1141 licuiti
663 1089 732 1140 Mihi
744 1090 815 1141 fama
828 1108 949 1158 suprema

273 1156 300 1208 N
300 1163 358 1210 octe
370 1158 435 1210 tulit
445 1159 545 1210 fessum
557 1164 633 1211 vasta
645 1164 671 1210 te
684 1159 754 1210 caede
767 1159 908 1226 Pelasgum

273 1224 445 1279 Procubuisse
457 1245 535 1295 super
547 1228 661 1279 confusae
675 1228 770 1294 stragis
782 1245 912 1281 acervum

272 1295 347 1348 Tunc
359 1307 462 1363 egomet
474 1297 608 1349 tumulum
620 1298 730 1349 Rhoeteo
741 1298 770 1348 in
782 1297 858 1349 litore
870 1299 976 1350 inanem

273 1365 412 1433 Constitui,
425 1373 452 1418 et
463 1383 560 1433 magna
572 1384 661 1417 manes
673 1373 714 1417 ter
726 1384 788 1418 voce
800 1368 898 1419 vocavi.

271 1434 375 1486 Nomen
387 1442 414 1487 et
426 1453 499 1488 arma
511 1436 597 1487 locum
610 1442 732 1487 servant:
751 1441 786 1502 te,
799 1436 889 1501 amice,
901 1437 1011 1504 nequivi

274 1501 434 1569 conspicere,
446 1513 472 1556 et
484 1506 570 1571 patria
583 1505 709 1556 decedens
721 1522 814 1573 ponere
827 1512 905 1556 terra.
910 1503 925 1527 ’'

272 1570 315 1620 Ad
328 1589 386 1635 quae
400 1572 561 1626 Priamides:
580 1575 676 1626 “Nihil
689 1591 704 1625 o
716 1573 765 1626 tibi
777 1574 861 1625 amice
872 1573 996 1626 relietum
1009 1592 1017 1638 ς

272 1635 367 1689 Omnia
378 1636 515 1705 Deiphobo
528 1638 628 1690 solvisti
641 1645 667 1690 et
680 1639 779 1690 funeris
792 1638 897 1692 umbris.
1064 1648 1117 1697 510

269 1704 374 1758 sedne
386 1706 443 1759 fata
454 1724 513 1758 mea
525 1714 552 1759 et
565 1708 647 1759 scelus
660 1708 767 1759 exitiale
780 1708 896 1760 Laeaenae

269 1773 320 1826 His
333 1793 443 1828 mersere
455 1777 547 1829 malis:
566 1777 613 1828 illa
625 1777 682 1828 haec
694 1785 865 1829 monumenta
877 1778 993 1846 reliquit.

268 1843 397 1913 Namque,
409 1852 441 1898 ut
453 1863 601 1914 supremam
613 1846 680 1897 falsa
692 1846 762 1896 inter
773 1847 871 1912 gaudia
883 1856 988 1899 noctem

267 1912 413 1982 Egerimus,
426 1916 511 1978 nosti;
530 1922 556 1966 et
568 1915 681 1966 nimium
693 1915 841 1966 meminisse
854 1933 957 1968 necesse
969 1924 1017 1972 est.

267 1983 357 2047 Quum
369 1985 457 2036 fatalis
470 2002 553 2051 equus
567 1985 637 2036 saltu
650 2002 727 2052 super
740 1985 823 2036 ardua
835 1986 908 2036 venit

267 2052 402 2121 Pergama,
416 2060 442 2106 et
454 2060 586 2106 armatum
598 2054 714 2121 peditem
726 2055 813 2121 gravis
825 2055 918 2106 attulit
930 2055 1007 2109 alvo:

266 2123 327 2190 llla,
340 2125 449 2175 chorum
461 2123 594 2189 simulans,
608 2130 715 2175 evantes
727 2124 800 2190 orgia
812 2125 911 2176 circum

265 2191 386 2245 Ducebat
399 2193 542 2260 Phrygias3
560 2193 694 2244 flammam
706 2194 792 2244 media
805 2194 862 2260 ipsa
874 2194 981 2247 tenebat

266 2261 415 2329 Ingentem,
428 2269 455 2314 et
467 2279 569 2313 summa
581 2263 687 2313 Danaos
699 2280 733 2313 ex
745 2280 804 2314 arce
817 2262 934 2316 vocabat.

265 2331 333 2383 Tum
345 2349 394 2397 me,
407 2332 555 2384 confectum
568 2332 637 2382 curis
649 2349 790 2399 somnoque
803 2339 949 2399 gravatum,

264 2400 365 2454 Infelix
377 2401 471 2453 habuit
485 2400 624 2467 thalamus,
637 2401 783 2469 pressitque
792 2403 925 2468 jacentem

263 2469 356 2523 Dulcis
369 2478 395 2522 et
408 2471 462 2522 alta
475 2471 548 2537 quies
560 2470 723 2537 placidaque
736 2471 870 2522 simillima
881 2472 967 2525 morti.

264 2539 377 2607 Egregia
389 2541 489 2591 interea
502 2542 598 2606 conjux
612 2557 685 2590 arma
696 2541 784 2591 omnia
796 2542 872 2591 tectis

263 2607 381 2674 Emovet,
394 2615 421 2661 et
433 2609 515 2660 fidum
529 2609 609 2676 capiti
622 2608 783 2660 subduxerat
796 2627 898 2672 ensem;

261 2679 340 2731 Intra
351 2684 423 2730 tecta
435 2684 511 2731 vocat
523 2678 682 2742 Menelaum,
696 2684 723 2729 et
735 2678 827 2730 limina
839 2679 949 2746 pandit:

245 2749 359 2803 r‘loilrcet
369 2749 403 2804 id
413 2768 545 2822 magnum
559 2766 668 2824 sperans
679 2749 736 2801 iore
745 2765 844 2799 munus
854 2749 963 2814 amanti,

229 2818 272 2872 at
281 2821 391 2879 fenam
407 2825 555 2902 exstingui
569 2830 698 2884 veterum
708 2821 749 2878 sie
760 2836 838 2891 posse
846 2817 987 2871 malorum.
1048 2866 1052 2874 .
