2700 3242
278 326 332 378 404
514 318 543 372 P.
557 318 712 372 VIRGILII
724 317 886 371 Minonis

313 423 443 477 Parvulus
455 429 548 475 exusto
560 423 712 474 remanebat
724 422 814 491 stipite
825 422 923 488 fumus,

277 494 313 546 Et
325 493 391 545 cinis
404 493 524 545 obductae
536 491 638 544 celabat
649 492 753 544 lumina
764 509 863 560 pnmae.

277 563 409 615 Admovet
421 562 463 613 his
475 579 591 630 pronam,
604 561 731 613 submissa
741 562 836 627 fronte,
846 561 989 623 lucernam,
1089 563 1119 612 10

277 631 314 684 Et
325 631 446 699 producit
457 648 508 684 acu
520 637 611 698 stupas
622 629 731 682 humore
743 637 869 697 carentes,

277 702 386 753 Excitat
398 705 425 752 et
437 699 533 752 crebris
544 699 716 767 leuguentem
728 699 834 752 flatibus
846 700 942 766 ignem.

276 769 395 822 Tandem
406 775 532 837 concepto
545 768 658 820 tenebrae
671 768 774 836 fulgore
785 769 920 835 recedunt,

278 839 456 907 Oppositaque
468 854 550 890 manu
561 838 652 889 lumen
663 838 783 889 defendit
794 837 828 890 ab
839 855 912 904 aura,

277 907 313 960 Et
325 913 422 960 reserat
434 907 530 974 clausa,
543 924 602 975 quae
614 907 749 975 praevidet,
761 907 830 959 ostia
841 907 916 960 clevi

313 977 397 1028 Fusus
409 982 466 1029 erat
477 983 547 1029 terra
559 976 687 1028 frumenti
699 993 800 1044 pauper
811 993 938 1040 acervus3

277 1045 350 1097 Hinc
362 1044 411 1097 eibi
424 1046 560 1114 depromit,
572 1051 704 1113 quantum
715 1063 838 1097 mensura
849 1044 957 1114 patebat

278 1115 343 1178 Quae
354 1114 394 1166 bis
406 1115 435 1166 in
447 1121 553 1167 octonas
565 1115 682 1166 excurrit
694 1115 808 1183 pondere
820 1115 906 1168 libras.

278 1184 345 1236 Inde
357 1183 420 1251 abit,
433 1184 590 1251 adsistitque
602 1182 685 1250 molae,
698 1201 832 1252 parvaque
844 1184 949 1252 tabells,

278 1252 363 1316 Quam
376 1252 457 1304 fixam
488 1253 554 1305 aries
566 1253 625 1306 illos
637 1253 758 1306 servabat
769 1254 799 1305 in
810 1271 881 1321 usus,
1085 1258 1121 1307 20

277 1321 391 1373 Lumina
403 1321 455 1374 fida
467 1271 537 1375 lbcat
544 1341 551 1386 ;
569 1323 686 1390 geminos
698 1328 763 1375 tunc
775 1328 847 1375 veste
858 1323 970 1376 lacertos

277 1390 391 1458 Liberat,
404 1398 438 1458 et,
451 1391 552 1444 cinctus
565 1392 663 1444 villosa
676 1398 778 1459 tergore
791 1410 883 1460 caprae,

277 1459 416 1513 Praeverrit
428 1461 512 1513 cauda
525 1461 609 1513 silices
622 1461 803 1529 gremiumque
814 1462 951 1515 molarum.

277 1529 397 1582 Advocat
408 1530 470 1581 inde
481 1547 575 1582 manus
587 1531 666 1599 operi,
679 1531 794 1599 partitus
806 1532 953 1600 utrimque:

277 1598 356 1652 Laeva
368 1600 519 1665 ministerio,
532 1599 627 1651 dextra
638 1606 679 1652 est
690 1601 794 1652 intenta
806 1600 889 1652 labori
895 1620 903 1664 ;

278 1668 342 1720 Huc
354 1674 424 1721 rotat
436 1669 547 1720 assiduis
559 1670 631 1737 gyris
644 1675 671 1721 et
683 1670 799 1721 concitat
811 1669 906 1722 orbem

278 1738 365 1790 Tunsa
378 1738 452 1790 Ceres
463 1739 555 1806 rapido
569 1739 672 1790 silicum
685 1739 800 1790 decmrit
812 1739 845 1791 ab
857 1739 921 1792 ictu.

278 1807 416 1860 Interdum
427 1808 501 1859 fessae
514 1809 630 1859 succedit
642 1809 709 1860 laeva
721 1809 807 1873 sorori,

277 1878 452 1944 Alternatque
463 1877 539 1930 vices.
570 1877 649 1929 Modo
661 1877 761 1929 rustica
773 1878 890 1930 carmina
902 1884 1002 1945 cantat,

278 1946 434 2015 Agrestique
447 1964 524 1999 suum
536 1946 635 1998 solatur
644 1964 707 1999 voce
719 1946 841 2000 laborem
1085 1953 1119 2003 30

279 2015 417 2067 Interdum
429 2016 527 2068 clamat
540 2016 671 2083 Oybalen:
690 2022 747 2068 erat
758 2018 837 2069 unica
850 2024 943 2084 custos,

277 2086 342 2136 Afra
355 2102 445 2152 genus,
459 2091 516 2137 tota
528 2086 642 2153 patriam
654 2092 770 2138 testante
782 2087 875 2154 figura,

277 2153 357 2205 Torta
369 2171 476 2220 comam,
489 2155 614 2221 labroque
626 2160 731 2207 tumens
744 2161 771 2207 et
782 2157 856 2208 fusca
869 2155 988 2223 colorem,

278 2222 386 2274 Pectore
398 2223 460 2286 lata,
470 2226 561 2291 jacens
573 2225 700 2289 mammis,
714 2226 882 2293 compressior
893 2226 960 2292 alvo,

278 2292 401 2343 Cruribus
414 2294 498 2359 exilis,
512 2294 625 2361 spatiosa
638 2295 748 2361 prodiga
760 2295 869 2362 planta3

278 2361 414 2412 Continuis
426 2362 498 2413 rimis
512 2363 633 2414 calcanea
645 2364 724 2414 scissa
735 2364 863 2430 rigebant.

277 2430 355 2482 Hauc
367 2436 443 2482 vocat
455 2437 535 2499 atque
547 2449 636 2483 arsura
648 2433 712 2483 focis
725 2434 857 2501 imponere
869 2434 942 2500 ligna

277 2499 402 2566 Imperat,
416 2507 442 2551 et
454 2501 560 2552 flamma
572 2501 671 2567 gelidos
684 2502 786 2554 adolere
799 2503 919 2569 liquores.

312 2569 455 2635 Postquam
467 2569 587 2637 implevit
599 2588 663 2637 opus
673 2572 777 2636 justum
790 2572 910 2624 versatile
922 2572 1010 2640 finem,

276 2637 411 2690 Transfert
422 2639 484 2690 inde
496 2656 576 2689 manu
588 2639 659 2691 fusas
672 2642 700 2691 in
713 2640 783 2692 cibra
794 2643 892 2693 farinas
1085 2648 1120 2696 40

261 2709 302 2766 Et
314 2712 393 2783 quati
396 2719 413 2769 t.
452 2710 489 2768 At
502 2716 641 2766 remanent
652 2727 752 2763 summo
764 2712 920 2778 purgamina
932 2711 1023 2777 dorso;

252 2786 384 2845 Subsidit
398 2790 510 2848 sincera
523 2783 756 2854 foraminibusque
761 2782 891 2848 liquatur.

240 2859 419 2927 Emendate
435 2867 528 2928 Ceres.
565 2862 648 2923 Iroeri
657 2867 726 2917 tum
734 2848 944 2928 procursum
