2700 3242
514 302 681 357 AENEIDOS
699 302 767 357 LIB.
783 302 816 357 K

253 405 325 470 Quos
337 409 412 474 petre
424 405 527 458 Benaco
540 406 642 460 velatus
654 406 785 459 arundine
796 406 892 474 glauce

251 475 370 528 Mincius
382 475 479 528 infesta
490 475 604 528 ducebat
615 477 644 528 in
657 493 762 545 aequora
774 477 847 545 pinu.

287 545 316 596 It
327 545 415 612 gravis
427 545 555 612 Aulestes,
568 550 731 614 centenaque
743 546 834 597 arbore
845 545 943 597 fluctus

252 613 381 667 Verberat
393 631 547 682 assurgens:
565 622 691 682 spumant
703 615 772 667 vada
783 631 911 666 marmore
923 631 1003 666 verso.

251 682 334 735 Hunc
346 683 420 737 vehit
431 683 553 735 immanis
566 684 657 736 Triton
670 688 698 735 et
710 684 807 736 caerula
819 683 919 735 concha

250 751 395 804 Exterrens
407 754 491 806 freta:
510 753 554 805 cui
565 753 680 805 laterum
692 759 770 804 tenus
782 753 887 820 hispida
899 753 975 804 nanti
1045 754 1098 803 210

250 819 334 874 Frons
347 822 480 873 hominem
492 823 605 891 praefert,
618 822 646 873 in
659 822 754 890 pristin
767 823 863 874 desinit
875 822 969 887 alvus;

250 889 366 958 Spumea
378 891 497 943 semifero
510 892 559 943 sub
571 898 676 959 pectore
688 898 837 943 murmurat
849 891 929 945 unda.

250 959 301 1012 'iot
313 960 376 1013 lecti
406 977 505 1012 roceres
518 965 558 1012 ter
570 961 644 1012 denis
656 961 768 1013 navibus
780 961 856 1012 ibant

249 1027 372 1081 Subsidio
384 979 475 1098 irojae,
487 1035 515 1082 et
527 1047 632 1097 campos
644 1030 705 1081 salis
718 1047 769 1082 sere
781 1029 912 1082 secabant

285 1098 401 1167 Jamque
413 1099 469 1150 dies
481 1099 545 1151 coelo
558 1104 727 1165 concesserat,
739 1099 861 1166 almaque
873 1116 954 1150 curru

248 1165 397 1235 noctivago
408 1167 508 1220 Phoebe
519 1168 635 1220 medium
648 1167 772 1237 pulsabat
784 1168 945 1235 Olympum:

248 1235 356 1304 AEneas,
368 1254 454 1305 neque
466 1237 537 1289 enim
548 1237 670 1289 membris
684 1237 730 1289 dat
742 1254 806 1288 cura
818 1238 941 1303 quietem,

249 1304 310 1373 Ipse
323 1306 414 1359 sedens
427 1306 583 1374 clavumque
595 1307 664 1374 regit
677 1307 793 1374 velisque
805 1307 946 1359 ministrat.

248 1374 338 1443 Atque
349 1376 390 1428 illi
401 1375 488 1427 medio
500 1377 529 1427 in
541 1377 626 1444 spatio
638 1376 733 1428 chorus
745 1392 804 1427 ecce
816 1393 923 1427 suarum

249 1443 370 1496 Occurrit
384 1445 526 1498 comitum:
545 1445 684 1513 Nymphae,
698 1462 762 1512 quas
774 1445 845 1497 alma
858 1443 959 1512 Cybebe
1044 1447 1096 1495 220

247 1513 355 1566 Numen
367 1513 463 1566 habere
474 1514 561 1580 maris,
573 1514 599 1566 N
599 1514 763 1583 ymphasque
775 1532 789 1566 e
801 1514 913 1565 navibus
926 1531 980 1567 esse

248 1582 269 1635 J
272 1589 378 1650 usserat,
389 1583 520 1635 innabant
532 1585 638 1652 pariter,
651 1583 800 1651 fluctusque
813 1582 944 1651 secabant,

249 1651 321 1715 Quot
333 1653 406 1720 prius
419 1659 507 1704 aeratae
520 1659 648 1704 steterant
660 1653 695 1705 ad
708 1653 786 1704 litora
797 1669 887 1721 prorae.

247 1720 405 1788 Agnoscunt
417 1721 494 1789 longe
506 1739 601 1789 regem,
615 1722 782 1790 lustrantque
795 1723 902 1776 choreis.

249 1791 375 1857 Quarum,
388 1808 446 1859 qua
458 1791 532 1842 fandi
546 1791 703 1856 doctissima,
717 1791 877 1858 Cymodocea

247 1858 320 1912 Pone
333 1877 443 1928 sequens
455 1859 549 1913 dextra
561 1862 672 1929 puppim
684 1867 764 1926 tenet,
777 1861 885 1928 ipsaque
897 1860 972 1914 dorso

246 1928 362 1994 Eminet,
375 1946 406 1981 ac
417 1928 484 1981 lava
495 1929 584 1981 tacitis
597 1929 758 1997 subremigat
770 1930 856 1982 undis.

247 1998 317 2050 'ium
329 1998 366 2050 sic
378 1998 501 2066 ignarum
513 1998 672 2066 alloquitur:
698 2002 713 2029 “
722 2001 863 2068 vigilasne,
876 2000 955 2052 deum
967 2017 1038 2067 gens,

245 2067 349 2120 AEneal
367 2068 456 2135 vigila,
469 2075 496 2119 et
509 2068 574 2120 velis
586 2069 702 2120 immitte
713 2068 844 2121 rudentes.

245 2136 302 2189 Nos
314 2154 403 2189 sumus
416 2137 493 2188 Idaeae
507 2153 578 2189 sacro
591 2137 624 2189 do
635 2138 734 2189 vertice
746 2138 832 2206 pinus,
1041 2138 1092 2187 230

245 2207 326 2258 Nunc
338 2206 425 2276 pelagi
437 2207 462 2258 N
462 2207 575 2274 ymphae‚
588 2207 677 2258 classis
690 2214 745 2259 tua
782 2205 900 2258 Perfidus
912 2210 943 2258 ut
955 2222 1002 2258 nos

244 2276 398 2345 Praecipites
411 2276 479 2328 ferro
493 2276 609 2328 Rutulus
621 2275 779 2344 flammaque
791 2274 933 2345 premebat,

245 2345 378 2415 Rupimus
390 2345 482 2397 invitae
494 2351 543 2396 tua
554 2346 668 2411 vincula,
682 2352 761 2413 teque
773 2363 819 2413 per
831 2362 919 2413 sequor

244 2414 401 2478 Quaerimus.
436 2415 514 2466 Hanc
528 2415 654 2466 Genetrix
665 2415 761 2466 faciem
772 2415 897 2466 miserata
908 2413 1007 2482 refecit,

241 2485 280 2537 Et
293 2483 367 2536 dedit
378 2500 433 2536 esse
445 2484 514 2550 deas,
526 2501 664 2552 serumque
676 2485 777 2551 agitare
790 2484 838 2535 sub
850 2483 936 2536 undis.

241 2554 282 2606 At
294 2570 360 2621 puer
371 2553 499 2605 Ascanius
511 2570 586 2605 muro
598 2554 726 2619 fossisque
737 2559 843 2605 tenetur

242 2622 308 2676 Tela
319 2622 390 2674 inter
401 2622 488 2674 media
499 2629 579 2690 atque
592 2623 726 2674 horrentes
740 2622 826 2674 Marte
839 2621 954 2676 Latinos.

239 2687 309 2746 ‘Jam
321 2691 378 2744 loca
386 2694 460 2759 jussa
472 2698 564 2743 tenent
576 2692 639 2744 forti
651 2692 798 2759 permixtus
811 2691 923 2745 Etrusco

240 2763 326 2814 Arcas
339 2778 423 2827 eques,
456 2760 560 2813 Medias
571 2761 625 2814 iilis
638 2779 773 2834 opponere
785 2770 905 2829 turmas,

231 2831 278 2881 Ne
288 2829 511 2900 mbbjungant,
524 2838 600 2888 certa
613 2841 658 2891 est
670 2835 820 2892 sententis.
827 2834 941 2890 ‘luxua-

1074 2815 1141 2868 νδ»
