2700 3242
512 311 694 367 euoenon.
729 312 801 368 Eeb.
821 311 867 368 IV.

499 448 636 518 ECLOGA
655 451 702 505 IV.
738 449 872 504 POLLIO.

255 543 406 597 Sronmnue
419 543 511 611 blusso,
524 546 613 614 paullo
626 548 726 614 majora
738 548 878 598 cenamus!

254 613 318 665 Non
330 630 420 666 omnes
432 615 541 667 arbusta
549 617 646 683 juvant
659 616 824 683 humilesque
835 614 959 682 myricre;

254 682 285 735 Si
298 682 419 734 cauimus
431 683 518 750 silvas,
531 685 602 737 silvae
615 685 669 736 sint
682 686 788 737 consule
801 685 896 752 dignae.

254 751 361 804 Ultima
374 752 473 805 (lumoei
486 754 559 806 venit
568 756 625 821 jam
638 755 761 805 carminis
774 761 855 817 eetas;

255 819 374 888 Magnus
385 821 419 874 ab
431 823 534 888 integro
547 824 684 874 saeclorum
695 823 813 875 nascitur
825 823 894 876 ordo.

254 890 322 943 Jam
334 891 404 943 redit
415 897 443 943 et
456 892 544 958 Virgo,
557 892 669 944 redeunt
682 892 807 944 Setumia
819 909 919 959 regnem

255 959 277 1012 J
277 976 323 1011 am
334 977 403 1012 nova
415 961 551 1028 progenies
564 962 629 1012 coelo
642 961 793 1013 demittitur
804 962 865 1014 alto.

255 1027 299 1080 uu
309 1029 387 1080 modo
400 1030 519 1082 nascenti
531 1047 612 1098 puero
624 1047 676 1098 quo
689 1031 773 1083 ferrea
784 1031 900 1099 primum

255 1096 367 1150 Desinet
380 1115 411 1150 ac
424 1104 480 1150 toto
492 1106 582 1167 surget
595 1116 659 1166 gene
671 1117 752 1152 aurea
762 1100 869 1166 mundo,

256 1167 344 1233 Casta,
355 1167 424 1235 fave,
436 1168 553 1220 Lucina:
571 1175 635 1220 tuus
643 1171 701 1236 jam
713 1176 806 1236 regnat
818 1167 920 1236 Apollo.

256 1235 347 1303 'leque
359 1236 423 1288 adeo
436 1237 516 1289 decus
528 1237 577 1289 hoc
589 1237 646 1304 aeri,
659 1243 687 1289 te
700 1238 812 1304 consule,
825 1237 912 1304 inibit,

256 1304 350 1372 Pollio,
362 1311 390 1358 et
401 1306 531 1374 incipient
542 1307 633 1374 magni
645 1308 783 1375 procedere
794 1323 913 1369 mensee3

256 1373 295 1426 Te
307 1375 381 1442 duce,
394 1375 417 1427 si
428 1392 482 1443 qua
493 1383 608 1442 manent,
622 1376 725 1427 sceleris
737 1375 849 1442 vestigia
860 1375 942 1427 nostri

258 1443 340 1496 Irnta
351 1451 479 1512 perpetua
491 1445 592 1497 solvent
605 1445 745 1496 formidine
757 1450 846 1497 terras.

260 1512 309 1564 llle
321 1513 401 1564 dedm
414 1514 497 1566 vitam
510 1515 629 1582 accipiet,
643 1514 763 1582 divisque
775 1513 876 1566 videbit

257 1580 407 1634 Permixtoe
418 1583 517 1650 heroas,
529 1590 557 1636 et
569 1584 625 1651 ipse
638 1584 770 1635 videbitur
782 1583 842 1650 illis,

257 1650 439 1719 Pace-tumque
451 1659 525 1720 reget
538 1653 631 1721 patriis
644 1653 788 1705 virtutibus
801 1653 896 1706 orbem.

257 1719 296 1771 At
308 1720 359 1772 tibi
370 1722 463 1789 prima,
475 1740 548 1790 puer,
561 1722 635 1774 nullo
647 1722 806 1774 munuscula
818 1722 894 1774 cultu

257 1788 384 1841 Errantes
396 1790 505 1842 hederas
517 1793 615 1860 passim
627 1808 689 1843 cum
701 1791 808 1844 baccare
821 1793 900 1845 tellus

256 1857 399 1926 Mixtaque
410 1860 509 1912 ridenti
521 1861 647 1913 colocasia
659 1862 754 1913 fundet
766 1862 885 1913 acantho.

258 1927 328 1996 Ipsae
340 1927 408 1980 lecte
421 1929 528 1980 domum
540 1931 654 1982 referent
666 1931 782 1982 distenta
795 1930 902 1998 capellae

257 1996 353 2063 libera,
365 2015 414 2049 nec
426 2016 534 2066 magnos
546 2005 667 2051 metuent
680 2005 798 2051 armenta
810 2000 906 2053 leones.

258 2065 322 2134 Ipw
334 2066 383 2118 tibi
395 2066 504 2119 blandos
516 2069 629 2121 fundent
642 2069 774 2121 cunabula
786 2070 868 2121 flores.

258 2135 368 2188 Occidet
381 2142 407 2187 et
420 2154 532 2205 serpens,
545 2145 572 2189 et
584 2139 667 2190 fallax
681 2138 761 2190 herba
774 2139 868 2190 veneni

258 2204 385 2268 Occidet;
403 2205 539 2273 Assyrium
553 2208 631 2274 vulgo
644 2215 767 2260 nascetur
778 2225 917 2260 amomum.

257 2273 295 2325 At
308 2274 387 2325 simul
400 2275 508 2327 heroum
521 2277 611 2328 laudes
623 2284 650 2328 et
662 2277 734 2329 facta
746 2277 861 2345 parentis

257 2343 278 2395 J
279 2361 324 2395 am
336 2343 422 2411 legere
434 2351 461 2397 et
472 2363 532 2413 quee
545 2346 579 2398 sit
592 2347 688 2414 poteris
701 2363 854 2414 cognoscere
865 2344 965 2397 virtus:

257 2412 335 2464 Molli
348 2413 477 2494 paulatim
489 2415 611 2468 flavescet
624 2432 732 2482 campus
744 2415 832 2477 arista,

257 2482 424 2550 Incultrsque
436 2483 532 2535 rubens
545 2485 670 2551 pendebit
683 2483 800 2536 sentibus
812 2499 873 2550 uva,

256 2551 294 2604 Et
307 2552 381 2603 durae
393 2570 504 2620 quercus
517 2552 650 2605 sudabunt
662 2553 764 2604 roscida
776 2553 861 2604 mella.
1074 2546 1109 2597 30

257 2620 349 2673 Pauca
361 2627 450 2674 temen
463 2623 591 2675 suberunt
605 2623 696 2690 priscae
709 2623 820 2688 vestigia
832 2620 940 2684 fraudis,

258 2691 325 2753 Quae
337 2696 440 2744 tentare
452 2692 558 2744 Thetim
570 2691 679 2759 ratibus,
692 2709 751 2762 quae
764 2692 869 2762 cingere
880 2689 965 2743 muris

244 2759 373 2874 ἔρδῃ,
380 2777 439 2826 qua
443 2761 560 2844 jubeant
575 2763 667 2821 telluri
681 2765 815 2826 infindere
827 2765 926 2823 sulcos.

281 2831 323 2874 ter
332 2833 383 2878 ent
395 2834 451 2882 tum
465 2831 576 2908 Tprya
592 2846 620 2898 et
632 2841 727 2904 altera
739 2864 806 2924 quae
818 2843 910 2904 rebat
924 2841 1000 2912 brun
