2700 3242
510 317 677 375 AENEIDOS
694 320 764 375 LIB.
782 321 844 377 XII.
1043 325 1096 377 36⁵

252 423 305 488 Qui
318 423 459 492 quondam,
472 429 558 477 castra
570 430 601 477 ut
613 424 737 477 Danaum
749 425 897 493 speculator
908 424 1001 494 adiret,

251 494 340 545 Ausus
353 493 452 546 Pelidae
464 495 580 561 pretium
592 493 642 545 sibi
654 511 758 562 poscere
771 511 870 548 currus.
1043 495 1096 548 350

251 561 335 614 Illum
347 563 460 630 Tydides
472 563 525 615 alio
537 580 584 630 pro
596 563 695 615 tahbus
707 563 777 615 ausis

251 631 349 684 Affecit
360 632 445 699 pretio
455 651 463 695 ;
480 649 529 683 nec
541 632 615 700 equis
627 633 728 700 aspirat
741 631 858 685 Achillis.

252 699 334 752 Hunc
346 700 438 769 procul
449 705 481 752 ut
494 718 586 768 campo
598 700 702 752 Turnus
714 702 849 769 prospexit
861 706 960 770 aperto,

251 769 324 821 Ante
335 770 388 822 levi
396 770 486 838 jaculo
498 770 608 838 longum
619 787 667 837 per
679 770 757 822 inane
769 777 883 837 secutus,

252 837 330 892 Sistit
341 856 420 906 equos
432 838 541 907 bijuges,
555 845 582 891 et
594 856 674 890 curru
686 840 782 906 desilit,
794 845 874 907 atque

252 907 407 960 semianimi
418 908 543 975 lapsoque
556 909 715 975 supervenit,
728 915 755 960 et
767 909 834 976 pede
846 908 919 974 collo,

252 976 295 1028 Im
313 993 383 1029 resse
395 977 495 1029 dextrae
507 994 658 1028 mueronem
670 983 818 1044 extorquet,
830 985 858 1029 et
870 978 924 1030 alto

252 995 412 1113 FirTgentem
423 1046 505 1113 tingit
513 1046 609 1114 jugulo
620 1065 627 1109 3
645 1053 726 1113 atque
738 1047 794 1098 haec
806 1047 914 1126 insuper
925 1047 1014 1102 addit:

253 1122 268 1148 ‘⁴
276 1119 326 1183 En,
339 1133 414 1182 agros
426 1121 460 1182 et,
474 1131 553 1183 quam
566 1112 643 1180 bello,
656 1113 886 1181 Trojune,petist1,

253 1186 409 1254 Hesperiam
421 1184 514 1235 metire
521 1185 612 1250 jacens
623 1200 628 1233 :
647 1182 703 1233 hoec
715 1183 830 1249 praemia,
843 1183 889 1249 qui
899 1199 943 1234 me
1043 1182 1096 1234 360

254 1256 332 1308 Ferro
344 1253 401 1306 ausi
414 1259 523 1315 tentare,
535 1253 624 1303 ferunt
636 1269 641 1302 :
660 1252 698 1301 sic
709 1252 806 1302 moenia
818 1250 958 1304 condunt.”

253 1319 326 1372 Huic
339 1320 461 1372 comitem
473 1318 592 1370 Asbuten
605 1320 724 1384 conjecta
736 1317 843 1384 cuspide
854 1317 947 1382 mittit,

254 1389 421 1457 Chloreaque,
434 1387 612 1455 Sybarimque,
624 1387 783 1453 Daretaque,
795 1386 1051 1454 Thersilochumque,

253 1458 291 1511 Et
303 1458 428 1511 sternacis
441 1457 503 1524 equi
515 1457 618 1524 lapsum
630 1455 731 1508 cervice
743 1454 907 1522 Thymoeten.

254 1527 294 1582 Ac
305 1527 380 1581 velut
392 1527 478 1578 Edoni
489 1527 579 1577 Boreae
591 1542 674 1593 quum
687 1523 794 1593 spiritus
807 1523 861 1576 alto

254 1596 365 1649 Insonat
376 1596 474 1663 AEgae0,
487 1595 656 1664 sequiturque
669 1594 704 1646 ad
715 1594 795 1645 litora
806 1594 910 1659 fluctus,

255 1667 314 1730 Qua
326 1667 400 1718 venti
411 1664 561 1730 incubuere,
574 1665 666 1731 fugam
679 1664 745 1715 dant
756 1663 849 1716 nubila
861 1665 942 1716 coelo:

254 1735 298 1789 Sic
310 1736 406 1802 Turno,
418 1751 583 1802 quacumque
595 1734 666 1786 riam
679 1739 750 1785 secat
762 1735 868 1801 agmina
880 1735 987 1800 cedunt,

255 1806 441 1872 Conversaeque
452 1809 536 1855 ruunt
547 1803 615 1855 acies
626 1823 633 1868 ;
650 1805 704 1856 fert
715 1804 830 1872 impetus
842 1804 936 1872 ipsum,

254 1874 291 1927 Et
303 1876 410 1928 cristam
423 1874 531 1926 adverso
543 1890 622 1924 curru
635 1873 724 1941 quatit
735 1890 800 1925 aura
813 1874 953 1926 volantem.
1047 1871 1099 1925 370

254 1943 316 1996 Non
328 1944 392 1996 tulit
403 1943 547 1995 instantem
560 1942 681 2009 Phegeus
693 1942 839 2009 animisque
851 1942 1021 1994 frementem:

256 2013 360 2080 Objecit
372 2030 426 2065 sese
438 2013 473 2065 ad
485 2029 599 2076 currum,
612 2019 639 2063 et
652 2011 804 2078 spumantia
815 2011 897 2063 frenis

256 2082 309 2135 Ora
320 2083 461 2135 citatorum
474 2082 568 2134 dextra
581 2081 691 2133 detorsit
703 2096 836 2147 equorum.

254 2151 328 2204 Dum
341 2152 464 2218 trahitur,
477 2150 627 2219 pendetque
636 2151 716 2218 jugis,
730 2150 801 2201 hune
813 2150 869 2202 lata
880 2153 1012 2202 retectum

255 2221 361 2274 Irancea
373 2221 549 2288 consequitur,
561 2220 715 2287 rumpitque
727 2219 811 2271 infixa
822 2219 928 2271 bilicem

254 2290 383 2357 Loricam,
395 2296 423 2342 et
435 2308 567 2342 summum
580 2290 705 2357 degustat
716 2288 825 2340 vulnere
837 2305 938 2357 corpus.

256 2359 307 2413 Ille
319 2366 409 2412 tamen
421 2361 504 2428 clipeo
517 2358 618 2427 objecto
631 2375 770 2410 conversus
782 2357 810 2408 in
823 2358 926 2410 hostem

255 2429 325 2495 Ibat,
338 2435 366 2481 et
377 2430 509 2482 auxilium
521 2429 601 2479 ducto
613 2444 737 2479 mucrone
749 2427 872 2494 petebat:

257 2498 346 2564 Quum
359 2504 416 2551 rota
429 2498 590 2567 praecipitem
603 2502 630 2548 et
642 2513 770 2565 procursu
781 2497 900 2548 concitus
913 2495 971 2548 axis

256 2568 379 2637 Impulit,
391 2567 556 2634 effunditque
569 2566 639 2628 solo;
657 2567 814 2632 Turnusque
826 2571 931 2618 secutus
1050 2567 1101 2618 380

256 2636 345 2690 Imam
356 2638 427 2689 inter
438 2637 542 2705 galeam
554 2635 649 2688 summi
662 2635 776 2687 thoracis
788 2641 816 2687 et
827 2652 885 2687 oras

255 2706 376 2760 Abstulit
388 2724 450 2759 ense
462 2711 551 2774 caput,
563 2711 741 2773 truncumque
752 2704 862 2773 reliquit
874 2722 969 2758 arcnae.

293 2776 383 2843 Atque
395 2793 427 2828 ea
439 2776 502 2827 dum
515 2775 615 2845 campis
627 2774 712 2829 victor
725 2774 773 2829 dat
783 2775 887 2829 lunera
892 2775 1024 2837 Turnus,

253 2845 359 2898 Interea
370 2844 472 2898 AEnean
484 2845 646 2905 Mnestheus
660 2853 689 2905 et
700 2847 777 2904 fidus
792 2847 920 2903 hebetes
